2934 4734
430 295 596 390 Cap.
618 300 675 366 1.
698 299 870 367 Dub.
890 298 978 369 V.
998 296 1158 385 Quae
1177 316 1479 405 excusent
1496 293 1576 365 ab
1593 301 1920 368 auditione
1939 303 2139 370 Sacri.
2231 318 2349 390 ¹9⁴1

222 406 514 509 quisque
543 424 832 494 tenetur
859 436 1030 483 cum
1068 410 1213 503 levi
1235 409 1707 484 incommodo
1747 405 2002 488 tollere
2034 412 2357 513 impedi-

198 524 492 602 ·menta,
538 524 620 582 ut
655 510 853 608 gravi
897 525 1258 608 praecepto
1285 509 1693 582 satisfaciat.
2195 537 2200 544 ·

175 607 217 670 ’.
311 637 342 671 a
399 633 460 678 2.
500 609 727 697 Item,
765 609 893 724 qui
920 607 1350 680 custodiunt
1375 621 1645 693 castra,
1684 605 1943 679 urbem
1970 666 1987 697 ‚
2017 623 2302 707 gregem
2338 634 2472 694 ,326

227 732 265 772 a
315 702 599 777 domum
630 763 650 796 ‚
687 708 993 778 infantes
1018 760 1036 789 ‚
1068 704 1181 776 vel
1219 710 1578 802 puerum(
1604 707 1829 805 quiin
1859 708 2131 819 templo
2154 707 2359 805 quie-

214 831 271 869 ν»
319 815 448 888 tus,
473 817 546 876 et
564 803 724 879 sine
754 803 1300 903 perturbatione
1322 803 1635 877 aliorum
1664 803 2024 877 continerl
2051 829 2201 876 non
2229 830 2362 902 po-

232 926 270 966 »
317 900 479 995 test)
508 957 524 986 ‚
569 897 702 974 aut
736 903 941 1001 aegris
975 901 1234 974 solatio
1268 916 1441 973 sunt
1470 957 1488 987 ‚
1541 917 1667 974 aut
1701 927 2017 1001 coquere
2052 901 2358 993 debent,

232 1026 267 1063 n
311 1013 372 1069 et
395 999 664 1072 similia
698 1025 953 1073 curare
984 1054 1002 1085 ,
1036 1024 1208 1099 quae
1239 1001 1477 1075 omitti
1513 1026 1664 1073 non
1701 1016 2031 1101 possunt.
2083 1002 2363 1074 Bonae.

148 1106 155 1114 ’
229 1123 264 1163 >2
310 1096 581 1169 Conssn.
624 1097 1091 1191 8681314.»
1594 1121 1600 1126 ”
2025 1129 2030 1136 ·
2273 1102 2281 1109 ’

236 1237 241 1242 -
305 1192 761 1269 Excusantur
794 1195 1018 1295 igitur
1050 1194 1543 1270 custodientes
1574 1194 1828 1269 domos
1859 1251 1879 1281 ‚
1913 1192 2029 1268 vel
2112 1221 2309 1295 reges
2339 1252 2359 1283 ,

224 1314 300 1364 ex
327 1297 694 1372 communi
732 1321 906 1368 cum
942 1294 1192 1393 Laym.
1233 1296 1279 1368 l.
1314 1297 1359 1389 4
1388 1312 1558 1368 trac.
1600 1298 1643 1369 5
1671 1320 1733 1366 c.
1777 1297 1822 1387 4
1860 1319 1932 1366 n.
1972 1296 2016 1367 3
2113 1296 2279 1390 alae
2312 1310 2356 1366 t.

226 1413 304 1460 22
337 1390 530 1464 Tour.
581 1421 667 1491 p.
709 1394 854 1469 338
898 1419 970 1465 n.
1015 1420 1057 1465 2
1090 1392 1184 1463 D.
1223 1419 1343 1467 un.
1379 1419 1453 1492 p.
1483 1394 1605 1467 ult.
1638 1417 1715 1463 n.
1753 1395 1801 1486 4
1826 1391 2017 1465 Bon.
2050 1392 2151 1463 D.
2189 1394 2235 1487 4
2284 1417 2357 1494 q.

222 1487 330 1558 ult.
362 1514 430 1561 n.
470 1491 511 1563 3
553 1505 628 1561 et
662 1493 874 1564 Salm.
904 1517 985 1563 ·c.
1024 1477 1077 1563 6
1103 1515 1174 1565 n.
1209 1491 1328 1565 68.
1364 1487 1496 1577 At,
1538 1492 1599 1562 ‘si
1632 1491 1783 1562 sint
1817 1489 2068 1590 plures
2118 1504 2359 1565 custo-

223 1574 332 1657 des
364 1642 382 1670 ‚
421 1602 491 1659 et
538 1615 692 1662 una
728 1589 1025 1664 dicatur
1085 1587 1302 1665 Missa
1331 1645 1349 1675 ‚
1397 1588 1672 1662 debent
1700 1587 2138 1664 ‚alternatim
2200 1614 2368 1663 eam<

226 1682 472 1759 audire.
510 1689 620 1760 Ite·
658 1686 877 1759 Salm.
920 1689 990 1759 d.
1028 1712 1091 1761 c.
1138 1688 1189 1762 6
1220 1714 1374 1761 cum
1416 1685 1623 1759 Suar.
1667 1685 1861 1759 Nav.
1897 1687 2073 1757 Con.
2107 1686 2171 1756 L
2263 1715 2360 1763 m.

226 1781 375 1853 θον.
411 1786 657 1858 etc-‚Et
684 1788 782 1858 ita
811 1785 1085 1887 pariter
1105 1844 1123 1871 ,
1158 1786 1215 1859 si
1249 1790 1284 1857 ὲ
1306 1787 1481 1874 viro,
1512 1784 1629 1857 vel
1660 1807 1880 1856 uxore
1911 1809 2174 1857 manen
2237 1807 2363 1862 um

222 1875 303 1952 sit
331 1880 522 1956 domi
569 1882 673 1955 ad
709 1883 1158 1974 custodiam,
1198 1909 1352 1957 non
1412 1896 1648 1983 potest
1683 1885 1792 1955 vir
1824 1905 2079 1979 cogere
2109 1882 2315 1956 illam
2341 1939 2362 1970 ,

226 1992 294 2048 ut
321 2006 598 2080 semper
631 1982 836 2056 domi
862 1997 1152 2055 maneat
1179 2037 1197 2067 ‚
1238 2009 1406 2062 cum
1439 1984 1533 2054 sit
1562 1981 1757 2054 socia
1791 2037 1809 2066 ‚
1840 2007 1987 2053 non
2039 1979 2312 2056 famula
2341 2038 2362 2068 ,

230 2098 367 2172 quae
395 2078 434 2152 ὲ
471 2106 825 2155 converso
876 2081 1039 2180 cogi
1074 2096 1367 2180 posset:
1419 2078 1547 2152 sed
1594 2075 1814 2152 etiam
1856 2093 2100 2178 posset
2126 2078 2367 2154 domi-

227 2196 345 2247 nus
378 2178 671 2252 manere
704 2179 903 2251 domi
945 2178 1426 2278 quandoque,
1460 2192 1546 2250 ut
1578 2176 1851 2277 famula
1875 2175 2161 2251 audiret
2183 2178 2368 2251 Mis-

236 2293 360 2344 sam
385 2332 401 2364 ,
434 2301 602 2349 nam
634 2277 843 2357 istius
870 2278 1145 2350 utilitas
1177 2276 1561 2348 dominum
1591 2277 1780 2348 excu'
1812 2290 1984 2349 aret.
2014 2275 2117 2348 Ita
2149 2277 2365 2348 Croiae:

239 2391 360 2440 cum
379 2374 606 2470 Steph.
648 2390 718 2447 et
759 2375 938 2449 Gob.
982 2376 1147 2447 Pari
1188 2375 1410 2447 modo
1462 2401 1778 2448 excusan
1813 2400 1903 2446 ur
1932 2370 2028 2445 ab
2050 2374 2366 2464 ,audien-

234 2463 315 2538 ilo
332 2469 1016 2572 SacroMatreS,'‹1uae
1046 2500 1200 2546 non
1234 2472 1507 2546 habent
1536 2474 1765 2558 domi,
1843 2472 1914 2543 ui
1937 2470 2365 2572 relinquant

234 2570 537 2657 parvulos
605 2570 766 2646 sine
813 2570 1142 2672 periculo
1172 2626 1190 2659 ,
1240 2587 1312 2644 et
1365 2576 1622 2645 contra
1681 2597 1775 2643 no
1845 2585 2205 2676 *possent
2239 2595 2367 2643 eos

231 2661 554 2743 adducere
582 2672 671 2744 in
709 2670 1123 2744 Ecclesiam
1160 2669 1315 2744 sine
1353 2668 1665 2753 notabili
1703 2667 2153 2741 adstantium
2191 2693 2366 2765 per-
2443 2760 2452 2770 ἢ

74 2813 77 2854 j
236 2763 642 2841 turbatione.
684 2770 792 2842 Ita
825 2770 1014 2840 Bon.
1061 2773 1112 2843 l.
1164 2795 1227 2841 c.
1275 2792 1347 2843 n.
1386 2794 1427 2840 2
1460 2783 1533 2839 et
1568 2768 1785 2840 Salm.
1812 2791 1885 2839 n.
1923 2765 2128 2863 732²*
2159 2766 2362 2836 ἅπαν.

76 2867 77 2898 ³
176 2879 185 2886 “
239 2854 414 2952 Tmll.
469 2881 573 2946 et.
596 2865 768 2939 Elb.
831 2893 900 2939 n.
972 2868 1115 2965 389
1162 2892 1317 2939 cum
1391 2866 1645 2964 Laym.
1702 2880 1828 2937 etc.
1881 2861 2368 2937 eommum’ten

208 2949 679 3037 'Probabiliter
708 2978 1093 3038 excusatur
1126 2964 1366 3053 etiam,
1400 2965 1526 3064 qui
1563 2959 1771 3035 timet
1806 2961 2265 3045 incarcerari,
2303 2965 2366 3035 si

233 3051 606 3150 Ecclesiam
638 3062 870 3136 adeat.
907 3063 1125 3135 Croix
1162 3089 1239 3135 n.
1268 3061 1414 3161 689
1438 3071 1594 3135 cum
1617 3062 1845 3132 Henr.
1874 3058 2031 3132 Die.
2066 3077 2139 3132 et
2167 3059 2353 3135 Gob.

243 3177 314 3223 ac
346 3158 566 3232 Zczch.v
598 3163 647 3233 l.
687 3163 731 3234 3
760 3188 859 3254 p.·
887 3189 913 3234 1
976 3186 1051 3235 n.
1097 3159 1284 3260 689.-
1907 3191 1914 3200 ’
2199 3193 2204 3198 ·

312 3249 708 3332 Excusatur
744 3261 962 3331 etiam
989 3314 1009 3344 ‚
1051 3259 1179 3358 qui
1220 3259 1479 3358 nequit
1512 3258 1806 3331 Missam
1841 3255 2095 3329 audire
2122 3304 2155 3345 ‚‹
2183 3257 2366 3354 quin

245 3345 560 3453 relinquat
588 3357 969 3430 infirmum
997 3356 1155 3429 sine
1199 3358 1599 3430 assistentia
1630 3356 1724 3430 ad
1758 3354 2007 3429 cibum
2032 3412 2049 3443 ‚
2088 3354 2234 3427 sive
2272 3353 2367 3426 ad

247 3455 515 3527 remedia
575 3455 1054 3555 praestanda}
1101 3453 1209 3527 vel
1273 3456 1454 3555 quin
1509 3455 1843 3527 infirmus
1873 3510 1891 3542 ‚
1942 3452 2239 3548 relictus
2272 3451 2364 3522 ab

246 3541 387 3638 illo,
424 3577 707 3650 gravem
747 3543 1236 3627 turbationem
1278 3554 1617 3653 patiatur.
1657 3555 1765 3626 Ita
1802 3553 1966 3624 Pal.
1999 3550 2158 3622 Dic.
2194 3549 2362 3622 Fill.

241 3637 405 3721 Suar.
447 3649 592 3724 Sol.
643 3668 775 3725 etc.
837 3677 993 3725 cum
1043 3649 1258 3723 Salm.
1316 3653 1386 3724 d.
1429 3678 1489 3722 c.
1523 3650 1572 3721 6
1608 3677 1678 3721 η.
1721 3648 1838 3749 76.
1873 3652 1972 3721 Et
2011 3647 2149 3720 hoc
2177 3704 2196 3738 ‚
2228 3649 2364 3719 etsi

244 3739 486 3821 adesset
514 3749 700 3823 alius
745 3752 1082 3824 assistens
1111 3806 1130 3840 ,
1171 3748 1301 3822 sed
1334 3750 1665 3821 infirmus
1707 3757 1996 3845 putaret
2022 3742 2221 3817 illius
2252 3749 2365 3822 as'·

242 3838 600 3920 sistentiam
633 3871 788 3921 esse
821 3847 959 3921 sibi
994 3849 1477 3921 necessariam
1499 3863 1529 3932 ’,
1569 3860 1642 3919 et
1699 3846 1873 3918 alias
1907 3868 2195 3938 gravem
2228 3852 2368 3943 p'a-
2551 3931 2564 3946 ·

241 3946 481 4106 ligetur
505 3946 901 4021 tristitiam.·
931 3948 1043 4020 Ita
1077 3947 1304 4044 Pasq.
1343 3946 1465 4044 ap.
1504 3945 1720 4019 Croz'x
1746 3969 1821 4020 n.
1842 3943 1991 4018 686
2019 3955 2090 4012 et
2109 3942 2368 4017 Maza

342 4092 357 4111 .
389 4042 491 4117 cit.
1074 4069 1089 4084 ⁶
2457 4067 2465 4077 ·

324 4165 357 4211 a
406 4135 477 4215 ὃ.
502 4142 726 4235 Item,
765 4141 884 4218 cui
908 4127 1477 4248 Apericulum'est
1513 4142 1740 4243 gravis
1769 4133 2186 4215 offensionis
2213 4164 2487 4256 ηις-3η
