2934 4734
569 282 580 290 ·
674 248 837 342 Cap.
870 240 956 318 ΙῙ.
992 247 1171 318 nub.
1204 248 1323 320 VI.
1361 252 1461 319 De
1490 242 1944 320 Restitutione.
2244 246 2378 339 475

243 352 497 446 iamed,
539 375 624 431 ut.
653 381 900 455 operas
947 361 1102 458 ejus
1129 419 1147 452 ‚
1198 378 1271 433 et
1314 361 1670 456 impensas
1709 363 1782 433 in
1832 359 2139 433 medtlcos
2172 361 2380 435 resti-

139 474 148 483 ·
246 459 393 557 fuat.
431 455 618 555 Ergo
654 459 938 532 sufficit·
971 460 1349 532 restituere
1382 461 1669 532 tantum
1718 460 1990 531 damna
2035 460 2112 530 in
2164 454 2378 531 bonis

241 542 468 641 illata,
564 557 689 628 uin
734 559 827 630 sit
866 556 1206 655 obligatio
1241 559 1672 631 restituendi
1716 557 1996 656 aliquid
2043 584 2173 656 pro
2215 557 2384 629 vul-

246 665 399 718 nere
433 676 450 734 ;
484 581 809 753 affioquin
843 659 872 742 (
903 655 1091 728 bene
1124 659 1360 752 arguit
1390 656 1588 754 Lago
1620 661 1650 752 )
1677 682 2065 756 percussor
2090 682 2241 726 non
2271 655 2385 729 di·-

243 762 506 820 ceretur
524 754 899 826 innocens,
935 753 1297 828 Probatur
1340 782 1403 828 2.
1442 781 1529 827 ex
1561 758 1610 825 l.
1637 758 1768 841 fitz.
1793 757 1895 848 ff.
1930 753 2017 824 de
2059 754 2230 838 His,
2267 750 2394 850 qui

243 842 560 931 qffudetc.
598 850 726 923 ubi
756 851 1022 925 dicitur
1054 854 1443 925 vulnerans
1485 854 1712 928 teneri
1742 852 1834 922 ad
1865 877 2214 948 expensas
2247 876 2390 922 cu-

242 943 515 1016 rationis
539 1005 556 1029 ,
594 964 666 1020 et
706 950 1079 1024 mercedes
1112 1007 1130 1039 ,
1174 950 1444 1050 quibus
1497 953 1853 1024 cariturus
1899 965 2006 1022 est
2041 948 2390 1019 vulnera-

242 1042 343 1108 tus
376 1067 394 1107 ε
434 1041 845 1119 Cl'cam'cum
876 1065 1108 1120 autem
1136 1106 1154 1139 ‚
1201 1066 1326 1121 aut
1356 1047 1819 1143 dtfformitatis·
1852 1047 2041 1118 nulla
2052 1048 2158 1142 fit
2192 1045 2391 1116 oesti-

242 1136 433 1207 matio
453 1168 478 1222 ,·
502 1142 666 1239 quid
693 1144 975 1217 liberum
1001 1173 1246 1241 corpus
1282 1144 1539 1218 nullam
1566 1145 1806 1243 recipit
1832 1143 2395 1216 aestimationem.

239 1228 580 1314 Probatur
620 1242 694 1314 3.
743 1245 1022 1318 ratione
1048 1300 1066 1333 ‚
1116 1248 1284 1344 quia
1327 1243 1599 1342 justitia
1641 1246 2155 1316 commutativa
2191 1239 2392 1313 obli-

238 1343 345 1418 gat
378 1334 1051 1413 ad‘restituendum
1092 1348 1292 1436 juxta
1328 1344 1817 1443 aequalitatem
1857 1339 2103 1412 damni
2144 1338 2327 1410 illati
2367 1392 2395 1425 ,

240 1425 353 1498 ubi
392 1448 632 1507 autem
661 1443 1039 1512 restitutio
1085 1441 1414 1512 facienda
1464 1442 1559 1511 sit
1602 1439 1676 1512 in
1724 1465 1984 1538 genere
2035 1437 2324 1511 diverso
2368 1492 2398 1524 2

239 1526 432 1600 nulla
465 1537 673 1607 adest
701 1537 1073 1636 aequalitas
1108 1594 1125 1622 ‚
1156 1565 1291 1610 nec
1329 1537 1477 1610 ulla
1504 1538 1641 1610 erit
1675 1542 2022 1636 umquam
2049 1562 2394 1632 compen-

237 1626 405 1696 satio
436 1624 693 1704 damni
726 1659 745 1723 ;
780 1663 1247 1735 quacumque
1281 1634 1477 1707 enim
1511 1637 1822 1736 pecunia
1865 1635 2215 1709 damnum
2245 1634 2396 1704 mi·-

240 1723 427 1817 nime
475 1732 979 1829 reparabitur,
1034 1733 1273 1833 neque
1335 1735 1413 1805 in
1475 1740 1677 1823 toto,
1725 1734 1968 1829 neque
2020 1734 2096 1802 in
2136 1746 2337 1830 parte
2375 1759 2395 1800 τ

238 1832 304 1889 et
354 1825 455 1895 sic
515 1831 1009 1927 respondetur
1042 1832 1392 1931 oppositae
1447 1832 1844 1904 sententiaa.
1885 1832 2394 1902 Communiter

237 1928 470 2009 tamen
512 1928 802 2025 praefati
835 1930 989 2002 AA.
1033 1945 1374 2014 monent,
1406 1955 1811 2026 congruum
1857 1953 2047 2017 esse,
2089 1943 2170 1998 ut
2202 1929 2399 2000 Con-

237 2013 569 2096 fessarius
620 2027 950 2125 imponat
996 2029 1381 2127 poenitenti
1430 2055 1563 2126 pro
1613 2026 2040 2127 poenitentia
2085 2080 2104 2111 ‚
2156 2025 2267 2098 vel
2311 2050 2400 2097 ex

237 2118 570 2214 oequitate
606 2124 890 2223 aiiquid
926 2126 1106 2198 laeso
1133 2125 1662 2224 elargiendam.

326 2238 378 2282 22·
431 2246 453 2290 ι
473 2275 490 2293 .
523 2222 664 2311 Qui
701 2223 970 2297 occidit
993 2223 1239 2297 ebrius
1267 2223 1499 2296 alium
1527 2283 1545 2313 ,
1576 2224 1636 2296 si
1666 2223 1976 2297 ebrietas
2003 2249 2151 2294 non
2184 2221 2405 2294 fuerit

235 2338 269 2375 ν
327 2315 722 2415 culpabilis
753 2377 770 2405 ‚
807 2336 879 2394 et
920 2322 1326 2407 voluntaria
1357 2379 1376 2414 ‚
1414 2322 1570 2409 vel,
1609 2323 1779 2394 lieet
1816 2321 2046 2393 fuerit.
2079 2320 2242 2392 talis
2280 2377 2298 2409 ,
2341 2320 2406 2391 si

234 2436 267 2473 n
326 2425 571 2488 tamen
601 2417 1090 2492 homicidium
1124 2421 1233 2493 vel
1266 2449 1415 2493 non
1454 2416 1913 2518 praeviderit,
1943 2419 2052 2507 vel
2080 2418 2408 2516 diligen-

236 2534 275 2574 >2
327 2512 505 2585 tiam
541 2513 1423 2593 debitamadhibueritad
1449 2517 1858 2591 cavendum
1888 2573 1903 2602 ‚
1941 2542 2090 2587 non
2114 2529 2409 2587 tenetur

234 2632 276 2672 2>
329 2610 421 2681 ad
449 2615 989 2688 restitutionem
1022 2630 1371 2689 :tenetur
1410 2632 1654 2688 autem
1684 2674 1700 2700 ‚
1736 2617 1796 2687 si
1832 2613 2297 2714 praeviderit..
2334 2627 2410 2686 et
2442 2636 2453 2653 “

233 2733 272 2772 >>
327 2733 475 2780 non
521 2713 817 2784 caverit.
853 2715 1041 2789 Bon.
1081 2717 1147 2786 d.
1194 2743 1233 2788 2
1265 2743 1337 2813 q.
1375 2716 1489 2785 ult.
1523 2730 1691 2786 sect.
1734 2741 1880 2799 πρ.
1930 2740 1993 2784 ι.

325 2836 365 2873 »
426 2834 495 2879 2.
527 2810 672 2900 Qui
703 2812 973 2885 occidit
1005 2815 1265 2910 Cajum
1296 2873 1311 2899 ‚
1349 2828 1615 2913 putans
1648 2838 1801 2884 esse
1827 2811 2103 2882 Titium
2130 2865 2150 2893 ‚
2197 2823 2405 2882 tene-
2422 2803 2521 2857 ⁶²⁸

237 2929 275 2969 »
328 2917 450 2979 tur
492 2908 583 2979 ad
621 2910 1199 2983 restitutionem:
1239 2915 1406 3010 quia
1441 2912 1628 2984 actio
1669 2912 1801 2984 ista
1831 2925 1951 2982 'est
1990 2908 2168 3008 Caio
2205 2911 2411 3009 inju-

234 3027 273 3068 >›
330 3005 541 3076 riosa.
578 3006 772 3078 Bon.
806 3009 940 3080 loc.
979 3009 1087 3083 cit.
1113 3036 1426 3082 comm.»
2400 3068 2408 3075 .

327 3103 567 3192 Quaer.
594 3105 647 3176 I.
683 3111 801 3178 An
830 3106 1169 3179 occidens
1194 3107 1480 3205 Caium,
1501 3112 1876 3207 putansse
1908 3106 2245 3180 occidere
2276 3106 2413 3177 Ti·-

236 3196 419 3289 tium
450 3214 478 3288 ,'
524 3214 859 3276 teneatur
907 3202 1002 3275 ad
1048 3207 1584 3280 restitutionem
1623 3206 1652 3277 ἲ
1696 3204 2028 3279 Affirmat
2067 3206 2243 3276 Bas,
2289 3205 2410 3276 htc

233 3322 389 3368 cum
425 3302 800 3377 communi.
841 3307 939 3374 At
982 3319 1252 3402 negant
1288 3304 1408 3376 alii
1451 3360 1467 3387 ‚
1518 3305 1686 3404 quia
1727 3302 2207 3375 homicidium
2252 3327 2414 3374 res·-

233 3409 454 3492 pectu
480 3395 635 3495 Caji
669 3413 780 3472 est
812 3399 1009 3477 mere
1037 3402 1322 3475 casuale
1349 3461 1367 3493 ,
1402 3419 1475 3475 et
1502 3403 2100 3475 involuntarium.
2134 3404 2239 3472 De
2271 3398 2414 3471 hoc

234 3492 402 3565 vide
454 3495 530 3568 in
587 3497 986 3595 quaestione
1038 3502 1374 3598 sequenti
1428 3499 1738 3573 dicenda
1779 3558 1798 3586 ,
1856 3526 2017 3598 quae
2067 3498 2163 3570 ad
2218 3497 2417 3570 idem

237 3591 694 3667 coincidunt.
746 3596 884 3668 Sed
915 3596 1055 3669 ,hic
1101 3598 1411 3689 dubium
1448 3602 1569 3681 fit,
1622 3626 1714 3671 an
1751 3601 2079 3671 incurrat
2124 3622 2416 3669 excom-

234 3691 813 3766 municationem
842 3695 1159 3768 Canonis
1186 3753 1204 3785 ,
1243 3700 1372 3794 qui
1400 3696 1651 3769 volens
1678 3696 2012 3771 occidere
2040 3694 2410 3767 Clericum

230 3786 534 3860 Petrum
562 3847 578 3873 ‚
634 3819 763 3886 per
800 3818 1123 3867 errorem
1169 3795 1675 3867 invincibilem
1726 3794 1996 3867 occidit
2034 3792 2413 3866 Clericum

233 3885 555 3960 Paulum
589 3887 619 3959 ἓ
665 3889 897 3988 Negat
930 3891 1149 3967 Dian.
1184 3921 1260 3990 p.
1299 3917 1349 3989 9
1390 3910 1476 3966 tr.
1515 3896 1560 3986 4
1605 3895 1694 3964 R.
1740 3896 1823 3966 31
1881 3917 2050 3963 cum
2089 3891 2290 3964 Suar.
2328 3892 2419 3961 de

240 3984 532 4058 Census.
584 3989 681 4065 D.
727 4014 817 4061 22
854 4006 1022 4063 sect.
1069 4018 1095 4062 t
1136 4019 1211 4062 n.
1254 3992 1374 4084 54.
1425 3993 1635 4063 Cone.
1685 4007 1857 4064 tom.
1899 3992 1942 4064 3
1982 3990 2075 4061 D.
2122 3992 2212 4064 53
2249 4015 2322 4062 n.
2367 3988 2412 4060 3

230 4095 317 4162 οι
347 4081 736 4193 probabile
773 4103 990 4193 vocat
1024 4086 1356 4165 Tombur.
1398 4089 1578 4167 Dec.
1626 4088 1674 4163 l.
1710 4112 1765 4188 9
1811 4117 1877 4167 c.
1922 4090 1969 4185 4
2014 4089 2054 4186 ἓ
2101 4091 2143 4165 3
2187 4113 2256 4172 n,
2298 4112 2412 4191 29.
2464 4080 2474 4091 ’
