2934 4734
572 284 707 376 374·
846 282 992 352 Lib.
1013 282 1129 351 111.
1152 279 1366 355 Tracta
1386 278 1476 355 V.
1497 284 1597 353 De
1611 282 1896 374 Septimo
1914 278 2233 372 Praecepto
2253 277 2470 348 Decal.

571 395 821 469 Armil.
862 397 1016 468 eod.
1044 423 1124 468 ν.
1168 422 1239 467 n.
1306 420 1386 466 ιο
1425 395 1567 468 Az.
1617 396 1667 465 l.
1733 421 1813 466 ια
1847 420 1907 465 c.
1938 415 1978 491 7
2014 409 2084 462 et
2112 392 2209 463 P.
2245 396 2470 482 Cone..
2488 391 2708 482 tom.4

570 493 662 565 de
689 493 907 566 Furto
932 518 999 565 c.
1032 494 1077 569 5
1110 520 1178 592 q.
1213 496 1281 569 zi.
1315 494 1544 582 Ratio,
1575 491 1760 578 tum,
1799 492 1970 591 quiin
2011 491 2354 587 obligatio
2386 496 2538 591 jam
2560 515 2709 560 con-

572 604 803 665 tracta
838 605 924 667 'ex
956 594 1223 690 injusta
1257 595 1684 690 acceptione
1715 616 1866 671 nou
1902 591 2337 686 extinguiter
2365 612 2447 661 ex
2477 612 2710 685 super·

572 692 911 769 veniente
944 692 1414 773 necessitate3
1461 689 1665 773 tiam,
1697 690 1871 788 quia
1923 690 2312 774 necessitas
2357 687 2539 760 furis
2586 712 2716 756 non

574 787 836 861 tribuit
894 789 960 859 ei
1026 787 1437 862 dominium
1481 788 1585 860 rei
1625 787 1880 861 alienae
1911 843 1929 876 ,
1983 786 2119 859 sed
2147 785 2440 857 tantum
2476 784 2717 882 dat-jus

575 889 663 959 e&
690 886 943 958 utendi
970 941 991 975 ‚
1021 901 1092 957 et
1118 885 1640 984 obligationem
1664 884 2049 985 suspendit
2069 885 2565 957 restitutionis,
2604 883 2718 953 His

576 998 824 1066 tamen
874 1009 1021 1077 non
1058 983 1542 1069 obstantibuS‚
1571 1009 1718 1077 non
1757 997 1937 1082 puto
1976 981 2542 1080 improbabilem
2585 979 2724 1079 pri-

572 1106 772 1164 mam
808 1084 1252 1165 sententiam
1286 1136 1305 1172 ,
1343 1083 1514 1181 quia
1552 1107 1832 1181 pauper
1879 1083 1955 1152 in
1988 1082 2118 1154 tali
2159 1086 2585 1152 necessitate
2611 1135 2626 1163 ‚
2655 1088 2725 1148 ut

577 1179 796 1253 docet
831 1183 925 1252 D.
993 1182 1059 1252 T
1053 1181 1126 1251 h.
1185 1183 1229 1251 l.
1277 1184 1483 1276 suprd
1531 1181 1645 1252 cit.
1673 1180 2075 1278 surripiens
2117 1177 2442 1250 alienum
2472 1234 2490 1263 ‚
2526 1201 2728 1249 suum

578 1279 820 1357 eflicit.
848 1278 1211 1376 Obligatio
1241 1294 1485 1351 autem
1508 1279 1983 1352 restitutionis
2012 1304 2097 1352 eo
2125 1304 2297 1349 casu
2318 1303 2471 1348 non
2502 1274 2727 1347 solinu

576 1377 1052 1474 suspenditur
1082 1432 1099 1461 ‚
1128 1375 1259 1450 sed
1289 1378 1508 1448 etiam
1535 1375 1697 1449 vere
1723 1375 2727 1473 extinguiturconsumptioue

581 1477 724 1561 rei,
760 1476 930 1573 quia
972 1473 1311 1546 dominus
1346 1489 1723 1548 teneretur
1750 1476 2159 1549 consentire
2193 1470 2742 1570 consumptioni.

582 1572 826 1645 adhuc
852 1629 870 1661 ‚
912 1574 972 1648 si
1005 1599 1116 1646 res
1149 1574 1347 1670 apud
1385 1575 1634 1669 ipsum
1664 1573 2130 1646 inveniretur.
2179 1573 2338 1643 Hoc
2385 1586 2631 1642 tamen
2656 1566 2736 1639 li-.

582 1672 1000 1745 mitandum
1033 1672 1224 1759 dico,
1279 1699 1336 1743 ι.
1371 1671 1441 1753 Si
1482 1670 1616 1743 ille
1649 1671 1737 1743 sit
1778 1691 2079 1770 pauper,
2118 1696 2265 1740 non
2305 1667 2594 1740 tantum
2624 1691 2732 1753 re,

580 1770 714 1840 sed.
756 1772 974 1843 etiam
1003 1794 1154 1868 spe,
1192 1784 1273 1840 ut
1310 1769 1637 1844 dicemus
1667 1770 1745 1840 in
1780 1773 1927 1860 Qu.
1971 1768 2329 1864 sequenti.
2375 1794 2442 1841 2.
2471 1768 2543 1838 Si
2575 1791 2734 1865 pau·

579 1893 716 1967 per
750 1868 1081 1941 absolute
1110 1869 1429 1964 indigeat
1464 1893 1543 1969 {re
1578 1866 1702 1937 illa
1737 1867 2129 1965 peculiari,
2164 1891 2301 1937 nec
2335 1866 2552 1947 aliter
2580 1887 2733 1963 pos-

581 1966 679 2039 sit
711 1965 850 2036 sihi
889 1965 1272 2038 subvenire
1302 2022 1320 2052 ,
1357 1979 1442 2037 ut
1477 1966 1623 2037 dixi
1665 1968 1739 2038 in
1772 1969 1917 2057 Qu.
1955 1963 2434 2063 praecedenti.
2553 1996 2562 2001 ·

597 2082 607 2121 1
680 2065 930 2153 Quaer.
991 2063 1085 2135 V.
1153 2068 1266 2136 An
1322 2065 1724 2162 surripiens
1782 2088 1939 2135 rem
1987 2062 2284 2137 alterius
2317 2063 2394 2131 in
2435 2075 2733 2133 extrema

582 2160 1013 2234 necessitate
1044 2219 1063 2250 ‚
1099 2160 1239 2232 hac
1280 2177 1608 2235 cessante
1638 2218 1658 2251 ,
1701 2174 2031 2233 teneatur
2063 2159 2270 2230 illam
2309 2159 2684 2231 restituere
2706 2157 2741 2226 {²-

580 2257 766 2331 Haec
813 2261 1118 2356 quaestio
1161 2258 1252 2330 ab
1301 2260 1429 2331 illa
1480 2259 1926 2359 alia-pendet
1958 2314 1975 2341 ‚
2013 2256 2262 2328 utrum
2298 2257 2506 2328 dives
2541 2258 2733 2328 satis-

579 2356 808 2431 faciat
848 2383 995 2433 suae
1036 2356 1463 2455 obligationi
1497 2414 1515 2443 ‚
1574 2359 1634 2430 si
1693 2358 1998 2455 pauperi
2036 2355 2357 2428 extreme
2388 2353 2734 2452 indigenti

581 2479 763 2541 rem,
806 2458 947 2553 qua
976 2455 1103 2528 ille
1137 2466 1318 2550 eget,
1348 2470 1659 2543 mutuet,
1695 2470 1822 2528 aut
1848 2457 2071 2527 donet
2096 2453 2235 2525 sub
2265 2468 2493 2554 pacto
2532 2451 2733 2524 resti-

580 2553 890 2627 tutionis
922 2611 941 2642 ,
983 2556 1041 2624 si
1082 2555 1412 2627 deveniat
1469 2554 1564 2626 ad
1614 2553 1995 2626 meliorem
2050 2553 2493 2624 fortunam?
2526 2551 2736 2623 Adest

586 2651 859 2745 triplex
889 2654 1268 2727 sententia.
1306 2652 1553 2725 Prima
1583 2652 1894 2724 affirmat
1923 2706 1942 2736 ,
1978 2665 2054 2722 et
2090 2651 2279 2723 hanc
2319 2664 2576 2722 tenent
2599 2647 2733 2718 Tol.

582 2748 631 2822 l.
675 2751 716 2822 5
758 2773 820 2822 e.
891 2751 1202 2842 i4·Na‹›.
1257 2753 1330 2822 in
1366 2751 1573 2821 Man.
1620 2778 1683 2824 c.
1728 2776 1807 2850 17
1841 2777 1888 2821 n
1945 2748 2030 2820 61
2083 2750 2256 2831 item
2288 2749 2499 2819 Lem.
2541 2749 2735 2842 Vosq-

591 2848 761 2919 Cov.
792 2846 1087 2921 Adrian.
1118 2875 1234 2947 ap,
1277 2848 1495 2920 Croz'sc
1514 2850 1564 2917 l.
1599 2874 1639 2918 2
1673 2875 1750 2920 n.
1782 2873 1927 2945 207x
1951 2863 2017 2921 et
2044 2845 2512 2946 probabilem
2535 2856 2736 2944 putat·

584 2943 781 3040 Lugo
817 2946 911 3018 D.
964 2945 1046 3018 16
1096 2974 1169 3019 n.
1239 2944 1366 3040 167
1404 2972 1570 3018 casu
1599 3003 1616 3035 ‚
1653 2972 1803 3044 quo
1843 2972 1956 3018 res
1989 2945 2158 3019 data
2183 2946 2279 3016 sit
2308 2946 2560 3041 magni
2596 2962 2732 3013 mo-

582 3043 842 3119 menti.
874 3046 1080 3118 Ratio
1109 3101 1126 3127 ,
1160 3046 1330 3142 quia
1367 3045 1681 3117 charitas
1711 3100 1726 3127 ‚
1765 3052 1851 3116 ex
1880 3048 2024 3139 qua
2051 3043 2387 3143 procedit
2412 3040 2733 3115 hoeelee·

579 3163 904 3237 mosynae
928 3157 1370 3242 praeceptum
1390 3202 1407 3227 ,
1442 3144 1720 3238 obligat
1738 3141 2134 3214 tantum-'ad
2162 3139 2733 3220 subveniendum

580 3241 923 3337 proximo
970 3241 1371 3336 indigenti3
1427 3239 1601 3338 ergo
1653 3240 1960 3330 sufficit,
2022 3256 2104 3311 ut
2137 3239 2391 3338 aliquo
2434 3237 2647 3310 modo
2676 3231 2731 3303 ei

586 3335 1062 3425 subveniatur
1092 3394 1109 3424 ,
1145 3366 1292 3437 quo
1324 3339 1449 3411 ille
1487 3343 1526 3410 ὲ
1558 3366 1690 3410 sua
1727 3338 2146 3411 necessitate
2177 3342 2554 3420 eximatur,
2570 3333 2728 3432 quin
2769 3360 2774 3367 ’

580 3459 701 3517 res
743 3434 1072 3508 absolute
1130 3436 1464 3508 donetur.
1510 3434 1830 3508 Secunda
1859 3437 2219 3510 sententia
2252 3462 2509 3534 negat,
2545 3456 2728 3504 eam·

583 3557 729 3630 que
767 3547 1020 3606 tenent
1052 3537 1268 3608 Azor.
1303 3551 1350 3604 t.
1388 3561 1429 3607 2
1464 3535 1513 3604 l.
1555 3561 1635 3607 12
1668 3560 1728 3605 c.
1755 3560 1805 3632 9
1829 3561 1897 3631 q.
1935 3563 1963 3607 ‘1
2005 3534 2153 3606 Sol.
2184 3536 2275 3605 de
2291 3532 2561 3615 Justsl.
2599 3532 2724 3625 451.

584 3653 630 3728 7
663 3654 766 3702 ar.
818 3657 840 3702 ι
890 3633 1054 3723 αιί4
1092 3630 1352 3704 Sanch.
1389 3634 1601 3705 Cons.
1633 3661 1710 3728 p.
1757 3662 1793 3705 -ι
1835 3658 1895 3706 c.
1939 3635 1980 3708 5
2015 3632 2173 3704 dub.
2210 3634 2251 3706 5
2285 3657 2364 3702 n.
2403 3631 2500 3704 56
2533 3631 2719 3723 (cum

584 3731 968 3819 communi
993 3788 1010 3813 ,
1034 3745 1113 3802 ut
1141 3731 1419 3822 asserit)
1439 3732 1612 3802 item
1629 3729 1830 3804 Suar.
1860 3733 2133 3805 Borma.
2157 3732 2319 3801 Pal.
2350 3730 2586 3800 Banu.
2611 3736 2715 3792 etc.

581 3827 777 3916 apud
800 3825 1018 3898 Salm.
1055 3843 1135 3901 tr.
1175 3854 1254 3920 21
1318 3854 1379 3899 c.
1414 3852 1453 3925 7
1492 3854 1564 3897 n.
1597 3833 1663 3902 8.
1698 3830 1907 3903 Ratio
1938 3887 1955 3920 ‚
1998 3825 2196 3914 tum,
2231 3829 2403 3928 quia
2432 3825 2612 3897 dives
2644 3840 2711 3888 ex

580 3939 949 4021 praecepto
976 3925 1291 3997 naturali
1328 3940 1616 3998 tenetur
1647 3924 2187 4027 eleemosynam
2222 3929 2390 3999 dare
2421 3913 2704 3995 extreme

582 4019 761 4128 indi'
795 4022 944 4092 enti
975 4077 993 4106 ‚
1032 4023 1380 4121 obligatio
1414 4038 1658 4097 autem
1690 4025 1917 4097 dandi
1951 4027 2484 4124 eleemosynam
2508 4011 2702 4089 invol-

580 4128 686 4190 vit
717 4141 758 4190 o
817 4117 1238 4219 ligationem
1267 4120 1638 4218 donandi3
1671 4148 1845 4200 cum
1880 4124 2050 4204 vero
2077 4124 2290 4202 detur
2312 4149 2426 4201 res
2455 4115 2538 4197 ad
2559 4136 2710 4188 mu·-

2861 1416 2872 1459 k.
2863 1240 2870 1251 -
2869 1098 2872 1212 ὝῊΑ,
2871 1032 2872 1039 ᾼ
2871 938 2872 947 ᾼ

2861 2848 2870 2985 l

2865 3068 2874 3197 l.
