2934 4734
828 337 833 341 ,
949 270 1116 362 Cap.
1160 268 1215 337 Ι.
1249 270 1350 338 De
1380 267 1807 363 Blasphemia.
2388 281 2473 353 15,

387 416 426 453 ι
497 412 525 459 r
549 410 575 457 1
593 440 611 458 .
660 385 750 457 In
776 381 887 457 ira
912 408 1268 481 usurpare
1301 379 1711 455 daemonem
1734 386 1889 459 sine
1913 384 2466 488 imprecatione,

238 510 335 557 ’.ι
393 511 547 558 non
586 499 692 555 est
730 509 866 582 per
902 509 982 554 se
1026 497 1404 580 peccatum
1449 510 1467 551 ε
1513 484 1799 554 assidua
1856 500 2092 558 tamen
2126 496 2284 584 ejus
2321 517 2468 562 no·-

295 616 341 655 »
398 583 704 656 minatio
731 608 884 653 non
921 581 1130 652 decet
1153 580 1640 659 chris-tionum
1680 610 1698 651 ε
1740 595 1813 654 et
1837 585 2110 657 ratione
2135 586 2469 661 scandali

297 713 338 751 ο
394 698 648 783 posset
679 705 845 764 esse,
868 672 1128 775 gravis.
1169 678 1420 778 L'aym.
1457 684 1506 750 l.
1541 707 1606 750 c.
2031 670 2036 677 ’

391 813 427 845 »ι
506 805 611 851 ι2.
664 777 754 849 In
785 777 1259 857 Confessioue
1294 775 1766 874 exprimenda
1800 790 1909 849 est
1934 780 2235 877 gravitas
2269 779 2468 854 blas-

290 909 331 947 »
391 877 711 977 phemiae
739 934 757 965 ‚
796 876 1140 949 videlicet
1168 889 1416 947 utrum
1442 879 1693 948 contra
1723 876 1959 947 Deum
1983 933 2000 963 ‚
2040 903 2131 969 an
2168 878 2467 953 Sanctos

289 1009 331 1044 n
395 977 622 1049 fuerit
668 1004 686 1044 ε
736 977 903 1048 illas
937 979 1135 1046 enim
1167 976 1410 1067 specie
1446 973 1735 1045 differre
1774 988 1883 1046 est
1926 968 2306 1075 probabile
2346 1004 2471 1050 se·-

288 1105 331 1142 o
396 1073 737 1148 cundum
787 1073 993 1146 Suar.
1040 1069 1305 1143 Sanch.
1357 1072 1520 1169 Reg
1559 1074 1774 1145 Azor.
1823 1071 2075 1172 Laym.
2111 1074 2327 1146 Dian.
2369 1076 2469 1151 R.

290 1206 333 1242 ι
395 1176 515 1246 50.
544 1173 721 1270 Lug.
757 1172 833 1247 d.
875 1173 979 1244 15.
1010 1195 1083 1242 n.
1116 1196 1181 1242 2.
1211 1170 1660 1245 eontrarium
1697 1185 1939 1243 tamen
1964 1185 2218 1245 tenent
2252 1172 2469 1248 Trull.

294 1301 341 1344 »
391 1272 515 1343 lib.
570 1300 629 1343 1.
659 1298 732 1344 n.
779 1299 805 1343 1
830 1298 889 1344 1.
917 1270 987 1342 d.
1026 1288 1097 1341 2.
1129 1294 1201 1343 n.
1240 1269 1308 1341 5.
1342 1293 1501 1340 cum
1524 1268 1841 1379 Diamp.
1892 1296 1953 1343 1.
1979 1271 2067 1343 de
2103 1271 2466 1344 Circumst.

287 1402 331 1439 a
395 1371 492 1443 B.
531 1371 653 1443 30.
709 1400 744 1435 ι»

390 1470 510 1540 An
549 1465 1005 1567 blasphemia
1039 1469 1291 1538 contra
1320 1464 1560 1537 Deum
1602 1462 1889 1539 differat
1915 1468 2156 1567 specie
2196 1494 2234 1539 a
2269 1466 2466 1542 blas-

291 1566 596 1665 phemia
653 1571 911 1639 eontra
959 1564 1314 1636 sanctos?
1365 1563 1696 1637 Affirmat
1750 1565 2228 1663 probabiliter
2278 1568 2463 1640 Bus.

298 1690 454 1737 cum
481 1664 679 1753 aliis,-
708 1663 852 1736 sed
882 1663 1098 1734 etiam
1141 1660 1623 1761 probabiliter
1647 1679 1916 1762 negant
1942 1666 2131 1736 Bon.
2160 1682 2211 1738 t.
2255 1691 2323 1738 2.
2365 1666 2463 1736 D.

302 1763 377 1836 3.
433 1762 514 1863 Q.
572 1764 646 1833 8.
672 1789 754 1858 p.
802 1763 870 1854 4.
906 1787 974 1831 n.
1033 1787 1091 1833 1.
1139 1759 1408 1833 Sanch.
1436 1760 1622 1832 Dec.
1667 1761 1785 1833 lib.
1825 1789 1891 1834 2.
1925 1788 2082 1859 cap.
2118 1763 2209 1835 32
2242 1789 2315 1835 n.
2345 1764 2463 1839 38.

291 1859 551 1959 Laym.
577 1859 695 1930 lib.
727 1862 791 1956 4.
822 1876 913 1931 tr.
956 1884 1062 1932 ιο.
1104 1884 1258 1956 cap.
1295 1858 1369 1932 6.
1398 1884 1470 1931 n.
1516 1885 1596 1931 ιο
1649 1859 1820 1930 Viva
1843 1861 1913 1933 d.
1946 1886 2066 1958 qu.
2113 1859 2188 1933 6.
2224 1877 2356 1934 art.
2397 1889 2466 1935 2.

287 1983 368 2029 n.
424 1959 497 2032 6.
552 1974 626 2029 et
684 1957 904 2029 Salm.
957 1958 1116 2030 dict.
1157 1984 1224 2029 c.
1283 1958 1349 2030 3.
1389 1984 1462 2029 n.
1533 1960 1688 2052 124.
1747 1982 1905 2029 cum
1940 1959 2164 2055 Cajet.
2221 1959 2468 2036 Bann-

285 2057 369 2127 F
363 2057 454 2129 ill.
482 2058 729 2129 etc;Et
768 2052 1146 2152 probabile
1172 2070 1382 2154 putat
1411 2057 1482 2127 V
1475 2057 1586 2127 ἱνα
1611 2055 1769 2127 dict.
1813 2082 1940 2152 qu.·
1958 2055 2026 2128 6.
2043 2073 2171 2127 art.
2193 2083 2258 2128 2.
2283 2083 2353 2132 n.
2391 2058 2471 2133 6.

291 2154 468 2254 quia
522 2153 1015 2249 communiter
1053 2154 1321 2250 injuria
1362 2157 1618 2226 contra
1664 2154 1967 2226 Sanctos
2012 2152 2329 2227 mediate
2369 2156 2469 2230 ad

290 2253 543 2352 ipsum
585 2253 828 2325 Deum
872 2251 1205 2324 refertur.
1263 2252 1554 2323 Tenent
1607 2265 1848 2323 tamen
1893 2251 2116 2325 Salm.
2169 2278 2242 2326 n.
2296 2255 2467 2347 425.

289 2378 450 2423 cum
495 2352 686 2425 Bon.
726 2348 933 2450 quod
961 2349 1055 2421 ob
1099 2349 1320 2421 aliam
1357 2350 1713 2422 rationem
1752 2348 2013 2422 debeat
2043 2352 2354 2450 exprimi
2388 2362 2467 2426 in

283 2448 771 2522 Confessione
794 2507 813 2537 ‚
854 2475 949 2520 an
977 2446 1431 2548 blasphemia
1477 2449 1696 2520 fuerit
1730 2463 1982 2520 contra
2019 2448 2258 2522 Deum
2281 2504 2298 2534 ,
2342 2451 2462 2524 vel

288 2563 547 2621 contra
594 2548 937 2639 SanctOS,
978 2547 1150 2645 quia
1192 2545 1453 2619 dicunt
1492 2548 1873 2645 praedictas
1912 2546 2409 2647 blasphemias
2444 2600 2470 2633 ,

286 2648 487 2718 ultra
532 2649 914 2746 propriam
971 2645 1371 2730 malitiam,
1428 2644 1809 2719 continere
1855 2646 2093 2717 'aliam
2140 2649 2471 2745 speciem

288 2742 1011 2818 distinctameontra
1042 2744 1400 2828 Latriam‚
1445 2741 1565 2831 vel
1606 2740 1913 2815 duliam.
1952 2745 2043 2815 At
2084 2743 2156 2814 V
2149 2745 2261 2813 im
2303 2744 2470 2816 dict.

284 2866 362 2914 n.
400 2844 474 2915 6.
506 2843 746 2939 infin.
794 2841 1045 2913 Tamb.
1094 2840 1167 2913 in
1206 2839 1440 2912 Meth.
1480 2834 1686 2936 Conf,
1732 2839 1846 2911 lib.
1881 2866 1946 2911 2.
1984 2865 2140 2935 cap.
2188 2841 2255 2914 3.
2289 2841 2479 2937 §.10

285 2940 595 3012 Holzm.
627 2957 679 3013 t.
738 2968 797 3014 1.
827 2969 906 3039 p.
954 2941 1116 3032 284.
1149 2966 1223 3013 n.
1263 2939 1434 3032 405.
1465 2955 1539 3010 et
1562 2937 1881 3010 Elbeldae
1919 2963 1989 3010 2.
2030 2938 2255 3010 Proec.
2283 2965 2358 3012 n.
2393 2964 2474 3038 9.

278 3064 447 3110 cum
475 3039 699 3111 Azor.
728 3055 856 3111 etc.
879 3040 1097 3110 etiam
1125 3035 1606 3137 probabiliter
1635 3037 1779 3110 hoe
1801 3051 2097 3136 negant,
2120 3036 2471 3128 dicendO,
2573 3059 2591 3077 ·

280 3133 494 3235 quod
538 3137 834 3210 tantum
880 3152 1230 3236 peccetur
1262 3140 1519 3207 contra
1547 3134 1844 3208 Duliam
1868 3194 1885 3225 ,
1923 3133 2231 3235 quaudo
2262 3135 2474 3210 blas-

285 3234 597 3334 phemia
642 3236 1010 3334 profertur
1049 3236 1128 3306 in
1157 3235 1457 3306 Sanctus
1510 3231 1607 3304 ob
1647 3234 2019 3332 propriam
2045 3259 2301 3306 eorum
2338 3260 2476 3308 ex-

284 3333 749 3420 cellentiam,
781 3333 1058 3433 absque
1094 3331 1448 3404 relatione
1478 3330 1572 3404 acl
1599 3330 1839 3404 Deum
1867 3388 1885 3418 ,
1920 3334 2018 3403 ita
2049 3347 2134 3404 ut
2166 3333 2244 3404 in
2275 3341 2475 3432 ipsos

280 3433 768 3520 terminetur,
805 3447 875 3505 et
912 3435 1140 3504 sistat.
1189 3429 1368 3514 Sed,
1411 3454 1581 3502 cum
1616 3431 1665 3505 ii
1701 3485 1719 3515 ,
1773 3432 1901 3528 qui
1950 3429 2479 3529 blasphemant

280 3530 639 3615 sanctos,
676 3531 911 3604 verilis
951 3531 981 3627 (
1015 3529 1507 3605 communiter
1555 3528 1933 3627 loquendo
1963 3536 1993 3622 )
2030 3554 2151 3600 eos
2202 3530 2475 3628 injuria

286 3628 582 3702 afficere
639 3630 1038 3702 intendant
1066 3684 1083 3714 ‚
1138 3650 1291 3699 non
1351 3625 1446 3698 ob
1501 3627 1879 3725 praecisam
1948 3627 2475 3728 propriamque

2490 1477 2582 1530 132

284 3727 626 3826 ipsorum
687 3726 1231 3809 excellentiam,
1270 3725 1404 3798 sed
1456 3739 1821 3824 quatenus
1868 3725 1962 3797 ad
2008 3728 2248 3797 Deum
2306 3753 2476 3799 me-
2562 3820 2567 3825 ἡ

285 3825 483 3898 diate
516 3825 981 3909 referuntur3
1014 3823 1181 3896 ideo
1208 3828 1409 3923 juxta
1454 3825 1770 3922 primam
1807 3821 2276 3922 probabilem
2306 3824 2477 3897 Sal-

289 3926 828 3997 mantel-eastum
889 3923 1324 3996 sententiam
1381 3947 1536 3993 non
1596 3927 1855 3996 contra
1915 3921 2259 4005 Deliam,
2341 3923 2475 3997 sed

188 4102 197 4105 ,
287 4020 576 4098 tantum
643 4025 907 4097 contra
957 4022 1280 4093 Latriam
1341 4035 1698 4118 peccant,
1754 4035 1827 4092 et
1888 4044 2022 4117 pro
2079 4024 2274 4090 terea
2318 4047 2471 4092 non

292 4133 633 4202 tenentur
660 4118 1045 4223 explicare·
1063 4175 1082 4211 ‚
1111 4145 1201 4191 an
1229 4121 1473 4196 Deum
1497 4174 1517 4210 ,
1551 4119 1663 4194 vel
1690 4121 1992 4210 Sanetus
2063 4115 2478 4222 lasphema·

286 4226 482 4301 rerin
490 4237 538 4301 t.
1583 4299 1587 4301 Δ
1929 4294 1932 4299 .
