2934 4734
803 253 964 348 Cap.
1005 257 1117 322 m.
1157 256 1256 323 De
1286 256 1484 326 Voto.
1520 256 1696 325 Dub.
1734 258 1853 327 IV.
2329 272 2448 351 9²2

224 362 502 438 Diana.
531 366 638 439 Et
668 366 843 440 satis
872 369 1253 467 probabile
1276 382 1487 441 vocat
1502 369 1752 464 Laym.
1774 386 1846 439 et
1870 369 2041 440 Pal.
2069 369 2420 460 &chassi

223 477 490 536 votum
521 464 756 538 fuerit
793 464 1069 561 duplex
1094 525 1113 558 ,
1152 468 1435 541 scilicet
1463 467 1555 539 de
1592 494 1742 541 non
1791 466 2119 544 ludendo
2152 527 2171 558 ,
2205 484 2279 543 et
2322 470 2446 545 dae·

231 588 461 661 poena
501 562 858 636 solvenda
893 593 911 633 z
945 566 1194 656 Tunc,
1286 568 1516 640 uoties
1546 564 2078 664 transgreditur
2112 582 2364 640 votum
2395 626 2416 658 ,

235 659 603 754 solvenda
636 677 748 733 est
781 689 1002 762 poena
1036 691 1053 750 ς
1093 666 1228 737 nisi
1319 691 1421 738 aec
1459 667 1554 736 sit
1589 666 2010 762 gravissima
2034 722 2051 754 ‚
2087 679 2170 737 ut
2200 688 2424 764 pere-

240 760 600 855 grinatio,
641 759 973 860 elargitio
1011 787 1295 861 magnae
1343 764 1820 863 eleemosynae
1848 817 1867 852 ‚
1905 788 2070 862 quae
2112 789 2262 837 non
2304 790 2421 837 so-

174 908 185 923 .
243 855 395 929 leat
437 863 937 932 communiter
1007 862 1265 960 repeti.
1322 863 1436 934 Ita
1496 861 1717 935 Salm.
1754 860 1919 946 ibid,
1964 888 2120 935 cum
2164 863 2418 961 Laym.

237 955 411 1027 Pal.
457 957 650 1028 Tml.
683 957 899 1031 Diem.
935 975 1066 1034 etc,

338 1054 492 1127 Hic
541 1054 1116 1141 advertendum,
1156 1056 1360 1155 quod
1389 1058 1497 1130 ·in
1548 1055 1684 1129 tali
1745 1071 1917 1132 voto
1965 1055 2240 1155 poenali
2277 1056 2427 1131 du·-

233 1150 461 1251 plici,
488 1153 551 1224 si
571 1152 932 1227 relaxetur
966 1158 1312 1252 primum,
1344 1156 1706 1238 relaxetur
1737 1157 1956 1229 etiam
1983 1154 2425 1246 secundum,

234 1248 480 1349 proiit
507 1252 728 1351 primi
760 1255 1271 1327 accessorium.
1305 1253 1528 1325 δαίτῃ.
1557 1273 1620 1326 c.
1668 1281 1728 1326 1.
1759 1281 1833 1327 ῃ.
1877 1256 2037 1351 176.
2070 1281 2226 1327 cum
2255 1255 2434 1329 Ραί.

232 1337 510 1448 Zaym.
551 1349 812 1423 Sancb.
860 1369 989 1424 etc.
1027 1351 1453 1425 Notandum
1496 1350 1807 1440 deinde,
1855 1352 2099 1451 quod,
2139 1353 2268 1451 qui
2304 1355 2428 1425 in·-

237 1446 703 1521 viucibiliter
749 1451 1085 1548 ignorat,
1138 1448 1285 1524 sive
1334 1448 1789 1528 obliviscitur
1838 1465 2088 1523 votum
2142 1450 2428 1549 princi-

248 1545 421 1644 pale
445 1603 466 1637 ,
511 1560 645 1620 aut
690 1564 939 1621 votum
983 1548 1075 1621 de
1100 1564 1319 1647 poena
1346 1605 1366 1638 ,
1413 1549 1510 1622 ad
1541 1573 1705 1622 eam
1747 1574 1898 1621 non
1935 1563 2298 1624 teneatur.
2331 1549 2430 1622 Vi

262 1642 475 1717 δαίτῃ.
515 1644 672 1715 ibid
696 1672 888 1717 num.
941 1647 1097 1743 175.
1133 1662 1206 1717 et
1241 1671 1396 1745 177.
1499 1689 1506 1696 ⁸
1667 1665 1697 1702 “’

363 1742 576 1815 Plura
620 1743 892 1817 ultimo
930 1745 1053 1819 hic
1090 1747 1364 1845 pariter
1400 1744 1930 1819 sunt-notanda
1958 1801 1979 1836 ‚
2018 1760 2092 1819 et
2125 1746 2183 1819 I.
2224 1742 2545 1845 qubd2²4

261 1854 427 1914 vota
484 1861 644 1916 sem
702 1868 785 1915 er
839 1845 993 1916 sint
1039 1843 1589 1943 interpretanda
1651 1849 1846 1941 juxta
1922 1846 2433 1942 benigniorem

258 1954 573 2039 partem.
679 1943 848 2012 αίτῃ.
889 1970 952 2016 c.
1003 1971 1062 2015 t.
1110 1967 1182 2017 n.
1214 1945 1398 2035 148.
1441 1969 1615 2015 cum
1658 1942 1914 2041 Laym.
1960 1941 2115 2039 Cas.
2158 1956 2234 2016 et
2271 1941 2431 2014 aliis

255 2040 782 2114 communiter.
822 2042 1248 2116 Notandum
1292 2043 1384 2115 ΙΙ.
1427 2040 1631 2141 quod
1672 2040 2060 2113 fractiones
2095 2051 2433 2118 votorum

253 2138 409 2210 sint
458 2137 1164 2236 ejusdemspeciei:
1228 2141 1403 2213 hinc
1438 2198 1457 2231 ‚
1510 2140 1596 2222 si=
1623 2140 1830 2238 quis,
1866 2139 2145 2216 habens
2179 2152 2444 2212 'votum‘

259 2238 652 2328 castitatis,
702 2238 1108 2311 fornicetur
1138 2269 1179 2327 ‚·
1202 2253 1437 2339 potest
1487 2239 1792 2311 seorsim
1822 2238 2250 2312 fractionem
2286 2238 2431 2311 voti

263 2337 628 2408 confiteri.
669 2335 884 2409 Salm.
916 2362 977 2411 c.
1029 2365 1089 2411 1.
1122 2364 1198 2409 ῃ.
1248 2363 1402 2416 101.
1433 2335 1575 2408 Sed
1607 2337 1790 2436 quid
1817 2391 1836 2421 ‚
1873 2337 1935 2409 si
1981 2337 2143 2435 quis
2182 2351 2437 2411 voveat

262 2434 635 2531 jejunium
666 2460 753 2506 ex
785 2436 1086 2534 speciali
1103 2437 1376 2508 motivo
1404 2434 1945 2532 temperantiae?
1981 2437 2054 2509 V
2045 2435 2136 2507 αί.
2164 2433 2433 2508 Sanch.

258 2531 461 2604 Bon.
503 2548 632 2605 etc.
663 2536 858 2630 opud
878 2532 1092 2608 δαίτῃ.
1125 2561 1195 2605 ῃ.
1236 2559 1391 2607 102.
1422 2532 1902 2633 probabiliter
1931 2547 2223 2618 tenent,
2264 2559 2438 2606 eum

262 2631 727 2706 committere
745 2626 892 2704 duo
907 2647 1202 2731 peccata
1224 2636 1371 2732 jeju
1382 2634 1587 2704 nium
1608 2631 2145 2730 frangendtha
2173 2632 2442 2729 pariter

264 2735 665 2827 conjugem
691 2745 1068 2803 voventem
1095 2734 1497 2810 castitatem
1519 2785 1537 2816 ,
1564 2755 1650 2804 ex
1682 2733 1961 2803 motivo
1980 2729 2246 2802 amoris
2272 2733 2440 2826 erga

266 2831 681 2899 castitatem
710 2883 729 2913 ,
763 2829 821 2901 si
850 2844 1050 2928 petat
1074 2829 1405 2914 debitum
1436 2882 1454 2915 ,
1493 2828 1942 2901 dicunteum
1979 2829 2446 2901 committere

267 2925 425 3002 duo
461 2942 783 3023 peccata.
821 2925 961 3000 Sed
1045 2923 1449 3008 robabiliiis
1485 2928 1890 3001 tenendum
1921 2939 2090 3000 cum'
2122 2923 2338 2998 δαίτῃ.
2374 2941 2446 2996 et

273 3021 433 3120 Caj.
444 3024 513 3093 T
506 3023 866 3098 mlhsuar.
885 3043 956 3096 et
1004 3070 1012 3075 -
1039 3029 1194 3098 rad.
1218 3025 1395 3099 tales
1410 3025 1865 3101 committere
1885 3049 2114 3100 unum
2133 3023 2443 3100 mortale

267 3124 531 3197 contra
563 3140 817 3196 votum
841 3179 859 3209 ‚
898 3124 1069 3223 quia
1100 3125 1185 3198 ἑκ
1207 3140 1371 3197 voto
1404 3123 1923 3221 obligationem
1949 3122 2233 3225 tantum
2266 3123 2447 3196 fide-

272 3219 503 3294 litatis
534 3244 702 3318 erga
737 3224 977 3296 Deum
1016 3221 1153 3294 sibi
1196 3222 1597 3321 imponunt
1630 3278 1648 3307 ‚
1681 3247 1836 3295 non
1875 3222 2121 3294 aliam.
2168 3220 2450 3295 Notans

277 3318 461 3392 dum
485 3317 615 3393 111.
650 3319 877 3420 quod,
902 3323 1158 3420 siquis
1180 3334 1433 3394 voveat
1466 3317 1907 3419 disjunctive
1935 3344 2089 3394 rem
2122 3318 2398 3394 honam
2424 3374 2448 3407 ‚

274 3416 392 3492 vel
416 3417 719 3491 ⁸malam
748 3461 766 3505 ‚=
821 3434 948 3492 aut
1003 3446 1265 3496 vanam
1297 3478 1317 3505 ,
1375 3435 1503 3494 aut
1557 3417 2089 3520 impossibilem
2121 3474 2140 3504 ,
2193 3433 2449 3490 votum

278 3515 581 3590 nullum
623 3520 739 3591 sit.
769 3515 991 3592 δαίτῃ.
1029 3546 1209 3592 6.-1.
1248 3545 1323 3589 ῃ.
1381 3521 1539 3611 141.
1572 3519 1660 3590 ‘Si
1701 3516 1869 3594 vero
1910 3531 2223 3615 utraque
2272 3543 2448 3616 pars

240 3642 246 3650 ¹
283 3616 375 3691 ait
403 3620 713 3689 materia
748 3631 922 3717 ⁵‘apta
954 3674 973 3705 ‚
1030 3616 1161 3689 illa
1184 3672 1205 3706 ‚
1249 3637 1412 3716 quae
1458 3616 1793 3715 eligitur,
1831 3611 2238 3715 praestanda
2276 3629 2450 3703 est,

277 3716 562 3789 etiamsi
587 3730 757 3815 post
787 3716 1219 3790 electionem
1251 3716 1473 3790 altera
1499 3743 1669 3815 pars
1707 3727 1989 3814 pereat,
2019 3733 2143 3786 seu
2173 3713 2453 3811 impos·-

278 3813 522 3888 nihilis
542 3812 934 3892 reddatur.
968 3817 1033 3886 E
1062 3839 1422 3894 converso
1458 3870 1477 3902 ,
1512 3813 1570 3886 si
1610 3828 1856 3912 pereat
1887 3838 2034 3885 una
2070 3837 2240 3910 pars
2270 3866 2289 3895 ,
2324 3825 2460 3885 aut

275 3911 762 4013 impossibilis
790 3907 1141 3992 reddatur
1165 3912 1332 3985 ante
1363 3912 1798 3985 electionem
1827 3967 1846 3997 ‚
1872 3936 2024 3982 non
2058 3910 2323 3983 teneris
2353 3910 2455 3984 ad.

279 4013 588 4088 alteram
616 4066 634 4095 ,
673 4010 817 4083 nisi
843 4014 964 4083 tua
993 4010 1214 4109 culpa
1257 4036 1367 4083 res
1399 4026 1696 4111 pereat,
1728 4026 1853 4086 aut
1876 4008 2095 4081 fueris
2129 4012 2206 4080 in
2243 4033 2451 4081 mora

276 4138 444 4188 eam
470 4107 860 4199 tradendi,
891 4123 1016 4182 aut
1044 4109 1609 4192 determinandi.
1636 4109 1743 4186 Ita
1767 4106 1983 4184 Salm.
2009 4106 2247 4196 dican.
2290 4109 2457 4199 14¹*

279 4228 355 4312 qt
392 4211 549 4307 142.
587 4234 746 4288 cum
774 4206 1034 4287 Sanch.
1065 4194 1447 4293 Pal.M0l.
1482 4224 1610 4285 etc.
1841 4203 1846 4210 ’
1903 4237 1912 4244 ·
1959 4217 1964 4224 ’
2196 4252 2202 4257 -
2239 4233 2246 4240 ·
2375 4233 2380 4238 ·
