2934 4734
532 193 663 262 500
804 189 954 258 Lib.
973 190 1088 272 111.
1107 189 1323 259 Tract.
1343 187 1433 260 V.
1452 191 1554 258 De
1570 190 1853 283 Septimo
1870 190 2190 283 Praecepto
2205 191 2426 260 Decal.

532 325 719 388 num
758 328 1235 403 compensare
1265 299 1296 373 ἓ
1326 304 1610 400 Negant
1639 301 1900 375 Sanch.
1935 304 2032 377 D.
2075 304 2161 376 16
2184 331 2257 377 η.
2302 306 2385 379 16
2410 304 2675 401 etLugo

535 426 613 470 n.
658 426 750 497 29
799 428 956 474 cum
996 402 1157 473 Tur.
1204 402 1407 474 Ratio
1432 458 1451 490 ‚
1491 402 1662 501 quia
1702 414 1878 473 tunc
1912 426 2064 473 non
2099 416 2385 476 tenetur
2409 406 2680 475 ratione

538 502 722 573 ficloe
750 500 1249 598 promissionis
1271 556 1289 588 ‚
1323 526 1496 572 cum
1532 526 1665 599 per
1692 525 1850 570 eam
1891 513 2261 574 teneretur
2286 501 2570 573 tantum
2598 499 2686 571 ad

538 599 965 696 conjugium
1001 653 1019 682 ‚
1047 625 1129 670 ac
1156 601 1212 669 si
1239 597 1406 670 vere
1447 598 1896 696 promisisset
1924 626 1942 667 ε
1973 623 2111 670 nec
2139 600 2415 672 ratione
2445 599 2687 670 damni

520 694 772 783 illati,
807 696 977 794 quia
1007 696 1336 767 damnun
1375 711 1556 768 tunc
1584 722 1732 768 non
1759 697 2094 794 provenit
2123 722 2210 770 ex
2240 725 2367 770 sua
2401 693 2688 781 fraude»,

537 793 670 868 sed
718 820 803 867 ex
835 796 1316 894 repugnantia
1355 797 1781 868 Parentum.
1828 794 1970 868 Sed
1998 794 2233 869 verius
2270 794 2461 868 mihi
2487 785 2688 867 {ride-

535 907 662 968 tur
695 894 1105 965 tenendum
1140 919 1183 964 o
1246 893 1560 989 positum
1593 919 1762 965 cum
1802 891 2091 992 Sylvest.
2131 895 2317 966 Ναν.
2352 894 2583 963 Henr.
2606 918 2689 987 ap
2787 940 2792 947 -

534 990 802 1063 Sanch.
853 1016 927 1063 n.
987 991 1076 1063 25
1129 1016 1167 1061 e
1254 993 1471 1086 Vasq.
1526 991 1890 1086 apuLugo
1929 991 1974 1063 l.
2013 1014 2081 1062 c.
2115 992 2361 1073 Ratio,
2396 992 2607 1088 quia,
2638 992 2694 1062 si

537 1087 930 1178 defloratur
976 1088 1136 1162 vere
1190 1088 1640 1188 promisisset
1686 1088 2111 1185 conjugium
2141 1143 2159 1174 ,
2201 1087 2460 1174 adhuc
2501 1103 2695 1159 tene-

510 1201 739 1278 ⁸retur
761 1187 857 1258 ad
880 1187 1236 1259 damnum
1263 1187 1899 1285 compensandum
1927 1241 1944 1272 ,
1975 1187 2255 1259 etiamsi
2288 1212 2427 1286 per
2463 1189 2692 1284 ipsum

536 1311 692 1358 non
733 1299 873 1357 stet
902 1341 920 1373 ‚
957 1284 1355 1386 quominus
1401 1284 1952 1357 matrimonium
1993 1286 2280 1364 ineatur
2317 1341 2338 1374 ‚
2406 1282 2694 1383 quando

538 1385 924 1483 promissio
961 1384 1471 1483 principaliter
1510 1383 1699 1455 facta
1734 1383 1952 1455 fuerit
1979 1381 2071 1453 ad
2107 1383 2473 1455 damnum
2502 1410 2696 1455 com-

502 1529 509 1534 -
536 1482 1026 1582 pensandum.
1053 1476 1371 1574 Quando
1396 1496 1640 1554 autem
1660 1482 2043 1581 promissio
2067 1478 2205 1554 fuit
2237 1481 2436 1554 facta
2467 1537 2485 1568 ,
2519 1479 2695 1555 certe

499 1606 693 1678 ‘nou
755 1579 853 1651 ob
907 1578 1110 1660 aliud
1164 1580 1304 1652 fuit
1361 1580 1595 1665 facta,
1637 1580 1775 1652 nisi
1815 1578 1908 1650 ad
1961 1579 2317 1666 damnum
2353 1605 2694 1677 reparan-

540 1678 721 1752 dum
753 1702 773 1768 ;
812 1693 884 1750 et
912 1677 1075 1752 ideo
1111 1677 1207 1750 ad
1248 1677 1439 1750 illud
1476 1692 1658 1776 puto
1682 1703 1853 1750 eum
1893 1675 2196 1752 omnino
2227 1678 2475 1751 teneri
2523 1705 2604 1751 ac
2642 1677 2693 1757 si

536 1776 902 1849 damnum
940 1804 1016 1851 se
1052 1791 1702 1874 compensaturum
1743 1777 2220 1874 promisisset.

426 1888 526 1963 64ss
637 1876 1008 1966 Quaeritur
1045 1873 1311 1948 deinde
1345 1874 1442 1946 II.
1487 1873 1559 1947 Si
1594 1876 1792 1970 virgo
1831 1878 1918 1947 vi·
1944 1887 2290 1973 corrupta
2326 1874 2531 1947 nolit
2564 1899 2698 1945 ma·

544 1973 971 2061 trimonium
1013 1974 1446 2045 contrahere
1500 1998 1671 2044 cum
1722 1971 2174 2070 stupratore,
2233 1997 2327 2043 an
2372 1987 2697 2048 teneatur

539 2069 697 2169 ipse
755 2097 916 2156 eam
968 2070 1284 2143 dotare?
1327 2070 1615 2167 Negant
1651 2071 1831 2141 Mol.
1875 2072 2126 2143 Covar.
2165 2086 2296 2142 etc.
2357 2070 2699 2169 Sedpro·

539 2167 865 2242 habilius
899 2169 1262 2242 affirmant
1299 2170 1498 2266 Lugo
1549 2170 1646 2241 D.
1703 2194 1786 2240 ια
1810 2195 1882 2240 n.
1928 2185 2119 2242 met
2152 2169 2376 2240 Croix
2411 2172 2456 2240 l.
2490 2165 2532 2240 3
2555 2197 2625 2260 p.
2662 2194 2698 2240 2

540 2293 618 2354 n.
659 2266 798 2340 313
826 2293 996 2341 cum
1018 2268 1225 2340 Less.
1257 2267 1485 2339 Azor.
1520 2268 1712 2339 Bon.
1747 2282 1819 2337 et
1840 2268 2049 2337 Turr.
2085 2268 2328 2357 Ratio,
2366 2270 2541 2367 quia
2566 2292 2702 2338 non

542 2378 655 2437 est
693 2390 989 2465 aequum
1020 2422 1037 2456 ,
1096 2379 1188 2438 ut
1256 2364 1506 2463 puella
1560 2364 1656 2436 ob
1696 2364 2045 2464 injuriam
2105 2369 2555 2464 stupratoris
2586 2365 2714 2437 sua·

544 2461 878 2536 libertate
933 2464 1259 2563 privetur
1307 2461 1641 2536 nubendi
1703 2479 2029 2562 quocum
2065 2461 2264 2536 velit.
2326 2464 2408 2536 Si
2473 2478 2695 2536 autem

540 2563 742 2659 ipsa,
794 2588 966 2634 cum
1026 2577 1213 2634 esset
1267 2563 1342 2634 vi
1381 2574 1727 2658 corrupta
1764 2616 1782 2645 ‚
1818 2559 2056 2634 nollet
2087 2559 2373 2652 dotem,
2412 2563 2545 2636 sed
2578 2588 2697 2660 pe-

543 2672 735 2733 teret
769 2660 1317 2732 matrimonium
1351 2714 1371 2744 ‚
1410 2658 1720 2732 Azon'us
1758 2658 1851 2732 ad
1884 2659 2081 2742 illud
2116 2658 2402 2758 obligat
2430 2675 2546 2734 stu
2601 2686 2698 2734 ra·

545 2770 782 2832 torem
814 2783 834 2849 ;
873 2757 1003 2830 sed
1039 2759 1531 2832 communiter
1564 2813 1583 2846 ‚
1619 2756 1823 2842 Les-5,
1851 2784 2006 2854 cap.
2058 2783 2137 2832 ιο
2179 2784 2253 2830 n.
2295 2760 2386 2831 13
2421 2776 2498 2830 et
2521 2688 2696 2853 gago

541 2856 595 2926 l.
634 2882 693 2928 c.
734 2882 806 2929 n.
857 2856 939 2929 13
972 2881 1127 2928 cum
1162 2854 1344 2936 δοῦ,
1394 2883 1513 2953 ap.
1553 2854 1769 2926 Croix
1801 2854 1893 2926 ib.
1935 2854 2241 2940 dicunt,
2293 2858 2477 2929 satis
2511 2882 2653 2929 esse
2678 2908 2697 2939 ,

544 2964 629 3024 ut
653 2980 809 3026 eam
837 2952 965 3026 ille
993 2953 1316 3026 dotando
1344 2951 1701 3025 damnum
1726 2967 2153 3049 compenset
2182 2983 2195 3024 :
2222 2954 2553 3051 intellige
2582 2977 2698 3034 au·-

418 3143 421 3148 .
544 3065 729 3141 tem,
769 3052 906 3126 nisi
941 3052 1351 3139 interfuerit
1387 3050 1808 3150 promissi0‚
1845 3050 2100 3123 saltem
2140 3052 2347 3142 ficta,
2383 3069 2471 3125 ut
2498 3053 2697 3151 supra

546 3147 902 3239 diximus3
931 3165 1058 3223 aut
1084 3152 1221 3222 nisi
1247 3176 1397 3223 non
1429 3149 1655 3246 possit
1684 3147 1824 3220 alia
1844 3151 1953 3221 vis
1975 3148 2333 3224 damnum
2355 3148 2693 3251 reparari,

548 3251 774 3343 quarn
822 3249 1100 3369 nuptiis
1133 3305 1153 3337 ,
1210 3265 1289 3320 ut
1334 3261 1539 3319 notat
1584 3245 1800 3320 (ἐποίεε
1828 3245 1886 3318 l.v
1914 3274 2189 3321 acum
2241 3248 2690 3321 eisdem'AA.

544 3345 1173 3420 Dummodo'vero
1222 3346 1354 3444 (ut
1387 3345 1775 3417 advertunt
1808 3344 2007 3450 Lago
2055 3372 2127 3419 n.
2188 3348 2275 3419 18
2311 3364 2387 3418 et
2434 3344 2694 3435 Tamb.)

547 3467 696 3515 non
733 3445 827 3516 sit
862 3471 1118 3541 magna
1155 3443 1540 3540 disparitas
1576 3498 1593 3526 ‚
1627 3448 1821 3537 juxta
1858 3448 2080 3542 supra
2114 3444 2310 3516 dicta
2332 3472 2410 3518 n.
2446 3444 2608 3538 643.

430 3568 534 3637 ⁶49
642 3542 1015 3632 Quaeritur
1058 3542 1187 3615 ΙΙΙ.
1250 3546 1360 3618 An
1407 3542 1519 3613 vir
1557 3539 1836 3613 habens
1882 3556 2136 3614 votum
2194 3544 2542 3618 castitatis
2592 3538 2692 3611 vel

546 3639 937 3734 Religionis
972 3655 1305 3712 teneatur
1340 3638 1611 3713 ducere
1658 3639 2010 3736 virginem
2061 3639 2494 3714 defloratam
2543 3651 2691 3739 post

545 3760 793 3808 veram
824 3737 941 3809 vel
989 3739 1238 3810 fictam
1280 3740 1841 3837 promissionem
1886 3740 2333 3810 matrimonii
2372 3742 2404 3811 Β
2447 3739 2519 3812 Si
2577 3762 2691 3806 vo·-

549 3844 710 3902 tum
735 3832 954 3921 fuerit
984 3839 1331 3908 emissum
1362 3851 1528 3936 post
1554 3837 2114 3934 promissionem
2138 3893 2156 3920 ,
2183 3857 2573 3911 commune
2598 3846 2692 3906 est

524 3928 953 4016 ‘Doctorum
996 3960 1091 4033 ap
1133 3935 1348 4018 Croz'x
1379 3935 1425 4007 l.
1469 3936 1512 4007 3
1540 3962 1620 4031 p.
1661 3960 1702 4007 a
1736 3961 1807 4006 n.
1854 3934 2019 4010 320.
2060 3934 2296 4010 teneri
2349 3941 2574 4008 virum
2605 3930 2686 4003 ad
2809 3963 2818 4003 ι

482 4083 499 4094 .
551 4030 1011 4127 eonjugium,
1041 4032 1212 4132 quia
1241 4046 1421 4109 tune
1454 4045 1705 4120 votum
1730 4046 1841 4108 est
1871 4031 2175 4110 nullum
2194 4090 2214 4126 ,
2238 4060 2413 4112 cum.
2436 4033 2685 4112 factum
