2934 4734
756 301 919 395 Cap.
953 302 1038 369 11.
1099 300 1197 369 De
1226 290 1622 373 Juramento.
1667 300 1842 367 nub.
1874 300 1991 367 m.
2372 299 2456 368 25

309 438 348 476 a
401 437 472 486 n.
544 413 779 513 77.)*
843 415 1014 514 quia
1068 428 1248 486 tunc
1314 412 1723 512 perjurium
1777 434 1864 484 ex
1914 410 2067 484 sola
2115 413 2456 510 pejeran-

298 512 348 578 ‘»
401 511 486 582 tis
530 511 808 606 malitia
853 512 1185 612 sequitur
1215 566 1235 601 ‚
1284 537 1423 583 nec
1473 509 1658 583 alter
1699 510 2070 582 moraliter
2114 518 2460 585 censem'r

305 636 340 672 a
394 607 596 681 illius
643 636 862 683 causa
906 606 1151 698 {cum
1203 622 1451 683 utatur
1510 635 1644 682 suo
1696 611 1893 708 jure.-
1938 609 2156 698 Quod
2205 622 2454 683 tamen

310 735 344 769 ι)
399 704 593 781 ex‘tra
622 708 985 808 judicium
1023 706 1188 782 raro
1222 708 1445 783 habet
1482 706 1733 779 locum
1766 709 1840 779 in
1877 706 2168 805 privatis
2260 733 2456 781 erso-

309 833 341 868 a
398 807 535 879 uiS.
575 806 654 880 S.
699 806 949 881 Thom.
994 835 1064 907 q.
1101 830 1216 904 29.
1257 806 1458 879 Suar.
1496 807 1543 881 l.
1579 807 1647 880 3.
1684 832 1746 880 c.
1791 804 1899 886 13.
1936 818 2009 875 et
2051 807 2156 898 14.
2244 805 2456 881 anch.

298 931 339 968 -a
393 904 511 975 lib.
546 906 617 978 3.
649 933 712 977 c.
750 910 828 989 8.ἲ
990 926 995 932 ’
1068 940 1075 947 ’
1190 934 1195 939 ·

397 1029 434 1066 υ
505 1002 810 1076 10.‚N0n
854 1003 1242 1107 pejeravit,
1270 1001 1398 1102 qui
1429 1001 1693 1098 juravit
1730 999 2015 1099 aliquid
2052 1001 2287 1099 reipsa
2316 1001 2454 1094 fal⁴

303 1128 340 1162 ν
397 1126 558 1172 sum
587 1157 608 1187 ‚
649 1100 850 1200 quod
901 1105 1052 1201 ipse
1086 1094 1281 1173 bona
1333 1094 1480 1172 fide
1506 1157 1524 1191 ‚
1559 1115 1632 1174 et
1664 1125 1833 1171 cum
1867 1102 2148 1172 ratione
2174 1101 2462 1199 putavit

304 1225 344 1262 ι
397 1223 552 1271 esse
584 1225 869 1287 verum.
950 1284 955 1291 ι
1200 1284 1209 1294 ⁸
2173 1230 2180 1235 ·

394 1327 433 1362 ι»
501 1324 527 1369 1
553 1324 611 1372 1.
650 1284 1003 1371 Excusat-i
1030 1294 1343 1371 subinde
1362 1295 1665 1397 quidam
1692 1295 2065 1394 simplices
2095 1324 2135 1369 a
2161 1297 2452 1370 mortali
2481 1321 2575 1377 ι5ο

304 1422 339 1459 a
398 1398 725 1493 perjurio
758 1395 1105 1473 videntur⁴
1123 1421 1339 1496 posse
1367 1451 1384 1480 ‚
1420 1395 1701 1471 ratione
1724 1395 2407 1469 inconsiderationis
2434 1454 2452 1484 ‚

304 1521 340 1557 ³»
395 1520 566 1567 cum
588 1509 950 1595 usurpant
971 1495 1324 1594 quasdam
1357 1492 1710 1567 formulas
1736 1497 2150 1587 juratoriae»,
2180 1509 2261 1566 ut
2282 1552 2299 1584 ,
2325 1521 2460 1594 per

307 1619 341 1655 n
396 1593 713 1664 animam
733 1619 1000 1679 meam,
1026 1595 1284 1692 puniat
1304 1618 1423 1665 me
1443 1593 1665 1664 Deus,
1684 1592 1844 1685 Etsi
1864 1593 2062 1664 enim
2087 1593 2347 1678 sciant,
2377 1593 2458 1666 id

315 1716 351 1754 n
399 1691 634 1763 vocari
696 1695 1194 1789 juramentum
1238 1746 1256 1776 ‚
1313 1717 1463 1762 non
1531 1704 1773 1761 tamen
1833 1691 2454 1788 apprehendunt,

318 1814 352 1850 υ
405 1789 596 1888 quod
633 1794 877 1889 jurare
907 1791 1001 1862 sit
1033 1788 1319 1890 aliquid
1348 1812 1564 1888 grave
1598 1845 1615 1874 ,
1653 1802 1726 1860 et
1753 1789 2089 1860 invocare
2120 1789 2354 1861 Deum
2378 1792 2456 1862 in

310 1912 350 1953 >2
401 1899 654 1958 testem
694 1942 712 1972 ,
769 1888 900 1979 sezd
940 1887 1227 1960 tantum
1277 1886 1851 1986 apprehendunt
1890 1887 2272 1959 confusam
2314 1887 2455 1959 ali·-

300 2010 342 2052 »
391 2010 617 2084 quam
642 1986 1003 2058 rationem
1026 1985 1226 2075 mali,
1257 2013 1407 2057 non
1444 1987 1622 2058 tanti
1646 1984 2028 2060 momenti.
2056 1984 2231 2061 Vid.
2261 1979 2453 2059 Bon.

300 2109 336 2146 ο
388 2085 522 2155 loc.
555 2083 670 2155 cit.
700 2083 956 2183 Laym.
987 2112 1054 2157 c.
1108 2086 1272 2177 14.»

390 2179 551 2253 ΙΠιὸ
617 2182 1027 2254 notandum
1059 2237 1078 2269 ‚
1139 2180 1343 2281 quod
1405 2182 1898 2255 communiter
1971 2180 2231 2255 rustici
2300 2206 2455 2254 non

300 2278 861 2377 apprehendant
902 2283 1324 2379 gravitatem
1356 2281 1699 2376 perjurii,
1737 2280 1915 2352 dum
1945 2339 1964 2367 ‚
2018 2282 2452 2353 confitentes

299 2374 386 2447 de
417 2381 890 2476 juramentiS‚
926 2377 1183 2478 parum
1209 2433 1225 2462 ,
1259 2379 1375 2450 vel
1417 2377 1722 2451 minime
1758 2379 2223 2474 distinguunt
2257 2383 2455 2478 juraff·

297 2489 540 2548 menta
576 2492 747 2548 vera
795 2502 835 2548 a
873 2476 1114 2566 falsis3
1152 2478 1248 2548 Et
1288 2476 1430 2549 hoc
1479 2500 1564 2548 ex
1604 2477 1803 2575 praxi
1859 2478 1938 2550 in
1988 2476 2460 2550 Missionib'us

296 2573 736 2669 jamdudum
771 2568 1122 2647 intellexi.
1146 2574 1387 2666 Quare
1404 2598 1537 2674 pro
1561 2577 1672 2660 iis,
1691 2575 1821 2674 qui
1846 2576 2458 2649 consuetudinem

288 2671 543 2745 ‘taliter
602 2673 984 2772 pejerandi
1039 2673 1903 2767 habeut‚'Confessariis
1963 2674 2209 2772 potins
2274 2700 2456 2746 cen·-

295 2792 414 2842 seo
498 2769 1021 2843 abstinendum
1096 2796 1250 2844 esse
1330 2770 1424 2842 ab
1498 2772 1947 2843 instruendis
2019 2771 2291 2844 talibus
2360 2771 2451 2844 de

295 2884 597 2966 peccato
636 2869 869 2966 gravi,
905 2866 1111 2969 quod
1150 2874 1393 2964 revera
1432 2883 1541 2941 est
1573 2871 1646 2940 in
1680 2870 1997 2968 peiurio,
2029 2896 2122 2941 ne
2154 2885 2450 2968 peccata

293 2967 699 3041 materialia
740 2970 814 3039 in
857 2967 943 3039 iis
980 2966 1076 3041 ob
1122 2967 1406 3040 malum
1452 2966 1823 3056 habitum,
1866 2993 2087 3062 quem
2133 2967 2445 3054 hahent,

285 3065 625 3139 formalia
690 3065 1000 3141 evadant
1037 3090 1058 3157 3
1123 3067 1234 3139 Ex
1302 3063 1555 3162 regula
1636 3067 1960 3164 generali
1997 3123 2014 3152 ‚
2093 3081 2176 3140 ut
2233 3065 2451 3139 docet
2531 3072 2535 3079 ’

284 3160 468 3238 Bas.
534 3165 627 3235 de
658 3165 847 3237 Sacr.
903 3165 1103 3235 Poen.
1137 3164 1497 3261 cumLug.
1552 3163 1818 3259 Sanch.
1882 3179 1952 3236 et
1999 3165 2250 3264 Laym.
2313 3182 2445 3239 etc.

284 3260 477 3333 ·Vid.-
500 3261 620 3333 lib.
660 3263 734 3335 6.
770 3289 842 3336 n.
884 3261 1056 3335 610.
1092 3260 1289 3335 Bene
1323 3276 1571 3335 tamen
1593 3261 1781 3334 -tales
1820 3264 2449 3337 consuetudinarii

295 3374 465 3432 sunt
505 3360 792 3433 fortiter
820 3360 1173 3433 monendi
1204 3417 1221 3446 ,
1259 3375 1343 3433 ut
1394 3360 1741 3460 deinceps
1788 3361 2124 3434 desinant
2180 3361 2449 3435 falsum

284 3459 559 3555 jurare.
596 3457 964 3531 Cae-terum
995 3485 1145 3532 non
1183 3482 1470 3558 semper
1503 3460 1797 3559 expedit
1823 3460 2139 3533 'monere
2186 3459 2448 3558 hujus-

292 3555 494 3627 modi
520 3555 784 3629 rudem
820 3558 1425 3631 Poenitentemde
1459 3560 1801 3654 gravitate
1835 3560 2172 3658 perjurii,
2208 3559 2269 3632 si
2295 3583 2447 3630 mo-

296 3654 476 3730 nitio
513 3654 1003 3756 prae'videatur
1039 3681 1189 3728 nou
1229 3656 1322 3727 de
1361 3656 1558 3729 facili
1598 3656 2004 3756 profutura.
2429 3668 2430 3673 ’

1085 3836 1465 3911 DUBIUM
1514 3834 1646 3909 IV.

345 3995 480 4083 An
534 4001 623 4087 in
680 3966 1147 4116 juramento
1204 3994 1444 4103 liceat
1502 4002 1621 4086 uti
1678 3998 2436 4122 aequivocatione?-

297 4176 405 4246 151
449 4180 564 4248 An
580 4177 1009 4267 liceatj'urare
1037 4141 1693 4271 cunzffmpkffiologia
1725 4181 1798 4245 ?'
1847 4198 1852 4203 ·
2395 4132 2399 4137 ⁵
