2934 4734
570 252 709 345 370.
839 253 984 321 Lib.
1005 254 1118 321 ΙΙΙ.
1142 254 1358 321 Τηοῑ.
1377 252 1464 325 V.
1484 253 2218 346 DeSeptimoPraeeepto
2237 254 2456 323 Decal.

570 389 633 441 e.
670 393 827 441 cum
863 369 1079 460 Celet.
1119 365 1324 440 Suor.
1357 382 1490 438 etc.
1532 367 1676 439 Sed
1730 365 2181 464 probabilius
2216 363 2678 441 contradicunt

570 464 788 540 Salm.
817 467 886 537 d.
921 492 994 538 n.
1032 467 1125 561 39
1161 465 1329 563 quia
1362 464 1571 538 nulla
1607 469 1994 537 necessitas
2031 479 2274 564 potest
2311 489 2555 562 cogere
2585 463 2683 535 ali-

570 586 797 664 quem
850 562 944 635 ad
997 562 1505 661 peccandum,
1549 590 1720 636 cum
1789 567 2014 663 possit
2066 561 2206 634 alia
2264 562 2373 632 via
2409 618 2425 647 ,
2470 561 2689 635 saltem

572 662 1064 739 mendicando
1097 717 1114 745 ‚
1152 685 1304 732 suae
1340 663 1747 734 necessitati
1787 658 2195 734 subvenire.
2236 661 2381 733 Sed
2413 661 2615 757 quid,
2643 660 2694 731 si

571 759 897 859 aliquem
948 760 1181 832 virum
1209 757 1648 832 honoratum
1688 759 1896 832 valde
1931 760 2239 859 puderet
2269 758 2694 846 mendicare,

568 858 689 932 vel
725 854 1061 933 laborare
1083 916 1100 944 ‚
1130 883 1222 930 an
1258 872 1504 957 potest
1537 884 1626 929 ex
1658 856 1912 931 alienis
1944 858 2085 930 sibi
2116 856 2544 958 providere?
2570 857 2703 929 Ne·-

570 973 746 1054 gant
782 956 1004 1029 Salm.
1042 982 1123 1029 n,
1182 956 1276 1054 39
1324 956 1683 1028 cum·Sot0
1735 972 1810 1027 et
1859 957 2128 1042 Prc'de,
2160 955 2504 1041 dicenteS,
2534 954 2712 1026 hane

567 1056 815 1156 potius
841 1054 1152 1155 judicari
1179 1053 1680 1127 necessitatem
1706 1080 1991 1151 gravem
2009 1108 2026 1138 ‚
2055 1058 2274 1152 quam
2296 1069 2668 1126 extremam
2686 1105 2708 1139 ,

571 1180 743 1227 cum
794 1153 991 1225 hona
1023 1150 1454 1249 temporalia
1512 1151 1802 1227 tantum
1842 1152 2277 1225 ordinentur
2329 1151 2425 1224 ad
2455 1153 2658 1225 vitam
2687 1206 2714 1237 ,

561 1279 722 1327 non
767 1251 864 1327 ad
913 1249 1271 1323 honorem
1320 1249 1783 1323 servandum.
1838 1250 2214 1323 Affirmant
2248 1248 2424 1323 vero
2451 1250 2628 1324 Viva
2653 1250 2701 1318 l.

563 1377 629 1425 c.
670 1376 742 1424 n„
787 1350 856 1424 3.
882 1350 1110 1421 Bone.
1147 1350 1193 1421 l.
1221 1375 1281 1420 c.
1307 1349 1661 1422 Mazzott.
1691 1367 1816 1421 t.·2
1840 1377 1913 1445 p.
1948 1348 2117 1447 375.
2144 1372 2231 1419 ac
2256 1348 2628 1419 Less.Pal.
2650 1359 2724 1416 et

563 1448 822 1521 Dc'cast
847 1446 1040 1542 apud
1063 1446 1281 1519 Croix·
1316 1446 1364 1527 l.
1409 1449 1452 1520 3
1476 1475 1555 1544 p.
1605 1474 1627 1518 ι
1666 1473 1737 1518 n.
1764 1448 1935 1544 952.
1970 1447 2145 1519 item
2173 1447 2416 1523 Bana.
2444 1461 2510 1516 et
2527 1445 2721 1516 Serra

565 1547 760 1643 apud
783 1544 1004 1620 Salm.
1030 1544 1342 1642 Hocque
1371 1542 1822 1642 probabilius
1848 1545 2032 1616 mihi
2061 1543 2343 1623 videtur
2366 1600 2383 1632 ,
2415 1545 2470 1617 si
2497 1541 2724 1643 pudor

565 1641 1041 1723 mendicandi
1074 1658 1262 1721 esset
1290 1656 1568 1730 tantus,
1599 1657 1682 1715 ut
1718 1645 1964 1743 potius
1989 1641 2118 1717 ille
2150 1656 2459 1715 mortem
2485 1641 2722 1714 subire

565 1742 789 1819 vellet
817 1800 836 1831 ‚
877 1747 1099 1841 quam
1118 1810 1125 1817 ,
1146 1740 1587 1814 mendicare.

665 1840 806 1913 Sed
836 1840 962 1917 hic
1013 1839 1263 1939 plures
1288 1844 1727 1937 quaestiones
1765 1852 2194 1913 occurrunt.
2225 1840 2475 1930 Quaer.
2509 1836 2561 1909 l.
2607 1838 2720 1950 An

566 1936 913 2015 dicantur
954 1962 1109 2011 esse
1156 1938 1374 2015 etiem
1416 1941 1493 2009 in
1547 1938 2138 2013 talinecessitate
2170 1938 2586 2034 gravissima
2636 1937 2733 2024 h..

566 2038 697 2135 qui
736 2048 910 2111 sunt
945 2035 1210 2134 captivi
1243 2036 1446 2134 apud
1474 2036 1747 2109 Turcas
1778 2092 1796 2120 ,
1832 2038 1928 2109 ita
1979 2053 2062 2109 ut
2093 2036 2312 2108 liceat
2345 2036 2524 2132 ipsis
2557 2032 2724 2107 alie·

558 2159 748 2209 num
780 2134 1148 2230 surripere
1177 2132 1270 2204 ad
1295 2158 1370 2204 se
1402 2133 1917 2211 redimendum
1946 2136 1975 2206 ξ’
2002 2134 2321 2226 Quaestio
2351 2133 2723 2230 haeepen-

564 2232 694 2306 det
733 2231 826 2304 ab
878 2231 1022 2303 alia
1055 2284 1073 2315 ,
1114 2258 1208 2305 an
1249 2230 1504 2303 divites
1546 2247 1890 2305 tenantur
1926 2235 2288 2305 redimere
2326 2232 2722 2328 talescap-

562 2332 747 2411 tivos
772 2333 802 2402 ἲ
827 2329 1112 2428 Negant
1151 2329 1364 2401 Harl.
1395 2330 1469 2402 in
1503 2356 1545 2402 2
1580 2356 1621 2402 2
1652 2331 1768 2404 D..
1790 2333 1929 2428 259
1960 2348 2129 2406 sect.
2162 2333 2205 2404 3
2231 2331 2297 2427 §-
2328 2356 2407 2402 21
2445 2329 2720 2427 etSpor.

558 2446 644 2502 tr.
680 2432 723 2505 3
756 2457 815 2501 c.
850 2427 1008 2505 6η.
1044 2428 1162 2525 59.
1202 2427 1388 2519 Quia
1425 2427 1707 2518 dicunt,
1743 2429 1877 2502 hos
1913 2456 2063 2502 non
2113 2457 2267 2502 esse
2307 2430 2382 2500 in
2408 2442 2723 2501 extrema

560 2528 992 2605 necessitate
1013 2580 1031 2612 ,
1059 2551 1233 2599 cum
1264 2525 1565 2599 libertas
1599 2553 1750 2599 nou
1790 2529 2208 2626 requiratur
2234 2525 2328 2597 ad
2360 2528 2587 2601 vitam
2612 2580 2629 2611 ‚
2655 2537 2730 2599 et

562 2626 737 2701 alias
764 2626 1261 2724 requireretur
1285 2651 1546 2719 magna
1573 2652 1857 2700 summa
1881 2626 1974 2698 ad
1998 2628 2192 2726 ipsos
2218 2623 2685 2699 redimendos
2702 2675 2721 2707 ,

560 2738 635 2799 et
673 2723 887 2799 facile
928 2723 1265 2822 pretium·
1310 2723 1839 2823 redemptionis
1880 2734 2286 2823 augeretur.
2327 2724 2723 2822 Excipiunt

550 2821 847 2905 tantum
873 2879 892 2911 ‚
936 2823 1074 2894 nisi
1114 2823 1277 2922 quis
1320 2824 1651 2921 captivus
1689 2837 1877 2896 esset
1912 2823 2337 2896 interiturus
2372 2849 2459 2894 ex
2495 2822 2721 2894 tristi-

556 2921 659 2995 tia
681 2979 698 3005 ,
721 2920 833 2992 vel
867 2920 1026 2992 aliis
1060 2921 1430 2997 oerumnis.
1471 2923 1654 2993 Item
1682 2920 1887 2993 addit
1906 2914 2177 3013 Spore-fi,
2263 2919 2436 3005 uod,
2470 2925 2529 2993 si
2564 2945 2719 3016 cap-

557 3020 746 3097 tivus
771 3033 967 3116 petat
998 3016 1910 3117 eleemosynamaeneatur
1927 3019 2125 3092 dives
2154 2948 2415 3093 sfiitem
2441 3014 2720 3119 aliquid.

559 3115 734 3191 dare
770 3121 1097 3213 proejus
1130 3116 1659 3216 redemptione.
1683 3120 1750 3191 E
1789 3143 2138 3190 converso
2173 3118 2527 3190 dicuntF
2523 3120 2622 3189 ill.
2637 3133 2713 3188 tr.

559 3219 739 3295 380.
776 3215 819 3287 3
855 3240 923 3283 n.
962 3215 1057 3311 76
1084 3215 1319 3287 etAz.
1341 3232 1399 3289 t.
1433 3241 1476 3286 2
1506 3218 1552 3289 l.
1589 3242 1746 3288 12⁶2
1775 3218 1907 3314 ὃς.
1932 3217 2150 3289 5cum
2181 3217 2337 3312 Caj.
2367 3216 2713 3312 etMajon

552 3309 765 3412 quod
796 3311 1049 3387 divites
1072 3313 1565 3389 teneanturad
1591 3314 2103 3387 redimendum
2130 3316 2484 3401 vicinum,
2505 3338 2713 3414 quem

536 3410 1378 3510 „sciunteaptivumeffiffi
1398 3411 1786 3501 Caeterum,
1809 3414 1865 3484 si
1888 3411 2220 3487 absolute
2235 3418 2299 3508 aj
2315 3428 2447 3484 unt
2459 3416 2620 3486 DD.
2642 3423 2712 3481 ut

557 3513 778 3603 supr&
807 3524 881 3581 et
903 3513 1057 3606 ipse
1075 3506 1258 3603 Spar
1276 3509 1567 3596 fatetur,
1587 3509 1791 3610 quod
1809 3513 2119 3610 quisque
2133 3512 2375 3611 possit
2395 3512 2708 3584 alienum

556 3608 925 3707 surripere
952 3606 1133 3678 adse
1163 3605 1636 3681 liberandum
1667 3614 1703 3680 a
1736 3625 2083 3708 perpetua
2108 3612 2533 3706 captivitate
2559 3669 2576 3696 ,
2604 3606 2703 3681 vel

552 3710 775 3783 'etiam
810 3705 911 3777 ab
967 3711 1125 3804 ejus
1177 3706 1550 3804 periculo,
1583 3734 1716 3779 cur
1761 3733 1912 3779 non
1971 3708 2338 3781 tenebitur
2385 3709 2588 3782 dives
2625 3703 2702 3777 ad

553 3828 723 3877 eum
760 3804 1224 3877 liberandum
1268 3803 1516 3904 aliquo
1549 3804 1805 3878 saltem
1838 3805 2191 3878 mediocri
2230 3805 2613 3880 subsidio?
2640 3817 2700 3874 et

552 3928 689 3981 cur
723 3900 1178 3999 non'poterit
1196 3900 1682 3977 iliealienum
1714 3904 2040 3990 auferre,
2078 3908 2142 3977 si*
2167 3904 2693 3978 nullamaliun-

556 3998 649 4071 de
696 3999 1162 4097 probabilem
1198 4026 1424 4100 espem
1459 4002 1724 4074 habeat
1767 4027 1918 4074 suae
1962 4002 2489 4101 redemptionis
2517 3995 2688 4075 ?Sed

545 4096 1394 4200 generaliterloquendo
1412 4101 1583 4204 »Thio
1621 4101 1935 4200 adjicere
1964 4100 2526 4200 lihetjudicium
2549 4119 2684 4200 per-

2873 3584 2877 3743 4

2883 1006 2884 1019 1

2881 1052 2884 1063 t

2883 1070 2884 1077 t
