2934 4734
576 297 700 363 144
768 298 844 364 L.
865 296 980 363 111.
1002 296 1218 363 Tract.
1238 293 1355 361 ΠΙ.
1377 295 1477 363 ne
1495 295 1716 363 Tertio
1739 292 2276 383 etQuartoPraec.
2298 291 2518 394 Deeal.
2589 259 2608 282 ⁸

571 435 709 483 nos
738 465 756 493 ‚
782 410 878 482 ita
908 411 1190 509 pictura
1234 407 1576 504 exprimit
1608 410 1750 480 ima
1803 411 1956 480 ines
1998 433 2244 479 rerum
2274 464 2293 490 ,
2339 422 2419 479 ut
2463 406 2707 479 dicunt

573 510 892 607 Castrop.
934 506 1259 580 Tambur.
1296 522 1368 576 et
1402 507 1476 578 V
1467 508 1625 588 ism,-
1657 433 1798 578 Ve5
1840 560 1856 591 ,
1901 520 1980 577 ut
2016 506 2401 602 ait‚Lay·m.
2443 504 2707 578 videtur

570 608 871 705 pingere
909 630 1062 678 esse
1098 606 1285 676 actio
1340 603 1702 687 liberalis,
1740 603 2103 702 quaten-isis
2154 603 2393 675 tendit
2440 603 2532 675 ad
2566 603 2730 675 ani-'

570 730 777 775 mum
805 702 1307 776 recreandum.
1338 702 1600 799 Negari
1627 727 1778 773 non
1814 716 2052 801 potest
2073 757 2089 784 ‚
2125 700 2551 799 praedictam
2584 700 2716 799 opi-

571 802 873 875 nionem
901 802 1254 874 satissesse
1277 800 1759 899 probabilem,
1794 813 1875 871 ut
1900 799 2095 872 recte
2125 798 2305 872 dicit
2331 800 2718 873 Mazzotta.

570 926 747 972 nam
777 956 793 985 ‚
824 902 957 973 etsi
997 925 1143 970 non
1173 913 1539 971 constaret
1569 954 1589 983 ‚
1634 899 1834 997 quod
1867 900 2168 997 pingere
2196 900 2289 969 sit
2322 924 2508 995 opus
2552 896 2748 978 'libes

441 996 447 1001 ’
572 997 726 1070 rale
749 1055 765 1086 ‚
821 1024 956 1071 nec
1015 998 1236 1069 etiam
1289 1012 1576 1069 constat
1639 1022 1794 1070 esse
1848 997 2107 1070 servile
2140 1021 2158 1085 3
2213 996 2419 1096 quod
2479 996 2736 1093 utique-

575 1097 1066 1168 constandum
1114 1095 1269 1167 fore
1307 1094 1596 1167 videtur
1619 1153 1641 1181 ‚
1677 1110 1759 1166 ut
1795 1109 2037 1193 posset
2081 1092 2714 1193 dicipi-obibitum.

570 1192 1037 1269 Probabilihs
1078 1195 1280 1265 enim
1315 1194 1600 1266 videtur
1622 1217 1776 1265 esse
1804 1195 1993 1265 actio
2025 1245 2041 1276 ‚
2076 1194 2336 1265 saltem
2367 1190 2596 1262 media
2618 1249 2632 1275 ‚
2663 1204 2726 1262 et

571 1292 961 1364 communis
990 1293 1208 1365 servis
1242 1305 1315 1364 et
1345 1291 1597 1364 liberis
1619 1348 1635 1377 ,
1669 1292 1849 1364 dum
1875 1290 2068 1390 saepe
2099 1288 2724 1364 communiter-ob-

576 1416 947 1463 servamus
978 1389 1261 1462 nobiles
1302 1392 1488 1464 viros
1518 1417 1666 1461 non
1697 1387 2125 1462 erubescere
2149 1390 2337 1462 hanc
2377 1389 2722 1487 operatio-

574 1514 748 1560 nem
784 1488 1133 1587 pingendi
1166 1486 1541 1562 addiscere
1571 1545 1588 1571 ‚
1628 1503 1703 1561 et
1746 1489 2130 1577 exercere3
2171 1511 2389 1587 opera
2432 1485 2724 1559 enimin

576 1592 909 1686 quantam
953 1586 1314 1683 (Loquitur
1361 1585 1434 1659 S.
1492 1585 1628 1660 Th.
1680 1614 1747 1658 2.
1789 1611 1958 1684 2.-q.
2023 1612 2176 1682 122.
2220 1600 2351 1657 art.
2388 1587 2458 1678 4.
2503 1587 2603 1655 ad
2635 1585 2726 1677 3.)

573 1701 742 1755 sunt
767 1684 1162 1756 communia
1196 1686 1418 1757 servis
1447 1742 1464 1774 ,
1503 1699 1573 1755 et
1601 1681 1831 1756 liberis
1862 1741 1879 1773 ,
1911 1683 2190 1758 servilt'a
2229 1707 2376 1754 non
2405 1682 2726 1755 dicuntur.

577 1782 849 1854 Saltem
878 1839 895 1871 ‚
930 1798 1012 1854 ut
1044 1781 1224 1855 dicit
1248 1784 1474 1858 Bone.
1511 1783 1583 1853 in
1616 1783 1724 1853 Re
1775 1840 1791 1855 .
1831 1782 2064 1854 Prax.
2106 1806 2257 1852 non
2286 1795 2461 1853 sunt
2503 1780 2729 1853 dimit-

579 1880 784 1952 tendi
816 1881 973 1954 sine
999 1880 1512 1967 absolutione,
1548 1881 1675 1980 qui
1718 1808 1909 1954 fianc
1955 1880 2521 1980 opinionem,ut
2568 1904 2728 1980 pro-

580 1978 901 2051 habilem
940 1993 1376 2077 sequuntur.

677 2079 1188 2150 Colnmuniter
1243 2090 1488 2149 autem
1543 2075 1941 2150 admittunt
1988 2075 2244 2172 Sporer
2295 2090 2495 2150 tract.
2552 2074 2616 2149 3.
2661 2074 2729 2145 in

578 2173 760 2246 Dec.
815 2200 880 2245 c.
920 2176 993 2267 4.
1044 2175 1202 2248 Fel.
1265 2176 1431 2250 Pot.
1485 2202 1558 2248 n.
1603 2178 1817 2265 2033.
1878 2177 2231 2248 Mazzott.
2280 2188 2351 2245 et
2400 2173 2534 2246 alii
2563 2169 2737 2271 apud

583 2271 831 2345 Qbmb.
869 2289 941 2344 et
971 2273 1192 2359 Viva,
1236 2300 1384 2366 non
1424 2299 1579 2346 esse
1624 2297 1666 2344 o
1728 2300 1809 2346 us
1855 2273 2114 2347 servile
2162 2271 2536 2344 delineare
2568 2330 2584 2362 ‚
2630 2295 2730 2344 re-

579 2369 872 2442 trahere
904 2371 1252 2467 imagines
1289 2371 1404 2444 vel
1431 2300 1875 2472 exempfiaria
1922 2399 2057 2444 acu
2085 2427 2103 2462 ,
2135 2386 2217 2444 ut
2247 2370 2485 2446 solent
2521 2370 2731 2442 faemi-

581 2493 699 2542 nae
733 2468 934 2542 :haec
963 2470 1159 2542 euim
1201 2473 1332 2563 (ait
1369 2470 1652 2568 Tamb.)
1691 2472 1916 2568 magis
1960 2471 2384 2543 referuntur
2412 2469 2508 2541 ad
2538 2494 2730 2541 exer-

586 2563 905 2639 cendum
961 2569 1374 2665 ingenium,
1425 2573 1649 2667 quam
1696 2568 1792 2641 ad
1835 2569 2316 2666 operandum.
2373 2572 2730 2641 Excusant

585 2667 803 2737 etiam
834 2665 977 2739 Az.
1007 2667 1170 2739 Fill.
1196 2664 1355 2766 Sylv
1386 2684 1459 2738 et
1480 2669 1667 2764 Ang.
1701 2668 1895 2763 apud
1907 2668 2095 2739 Bon.
2126 2668 2213 2739 ib.
2244 2690 2317 2737 η.
2354 2666 2473 2740 25.
2505 2665 2578 2738 in
2578 2665 2730 2762 fine

583 2764 872 2863 puellas
913 2791 1048 2837 acu
1114 2763 1493 2863 pingentes
1519 2822 1535 2851 ,
1578 2780 1660 2837 ut
1708 2764 2091 2839 addiscant
2120 2821 2136 2854 ,
2170 2789 2343 2838 cum
2394 2765 2560 2836 Pal.
2594 2761 2684 2835 Sa
2710 2815 2731 2848 ,

582 2861 867 2935 March.
901 2861 1098 2961 apud
1113 2863 1291 2935 Bur.
1332 2863 1447 2938 hic
1475 2890 1545 2935 n.
1592 2865 1754 2950 283,
1791 2864 2030 2960 infin.
2640 2875 2644 2880 '

683 2964 825 3033 Ars
856 2976 1099 3032 tamen
1130 2961 1528 3061 sculptoria
1580 2964 2107 3054 communiter,
2150 2964 2410 3036 saltem
2443 2963 2520 3034 in
2552 2958 2731 3034 aesti-

564 3059 905 3131 .matione
934 3060 1323 3132 hominum
1343 3117 1359 3145 ‚
1387 3064 1576 3132 inter
1604 3074 1790 3133 artes
1812 3062 2275 3135 mechanicas
2296 3071 2729 3134 numeratur.

587 3155 779 3229 Vide
810 3157 879 3226 T
868 3154 1053 3227 amb.
1083 3183 1236 3227 cum
1267 3159 1431 3228 Pal.
1472 3157 1633 3229 ibid.
1670 3185 1741 3229 n.
1789 3185 1895 3232 10.

473 3281 571 3334 ,32
694 3283 733 3319 «
768 3254 837 3327 6.
879 3253 1246 3326 Videntur
1275 3257 1487 3327 etiam
1524 3258 1851 3329 excusari
1886 3282 2093 3355 posse
2120 3259 2196 3329 in
2220 3252 2730 3357 Typographiis

585 3384 621 3419 »
683 3351 1088 3442 litterarum
1124 3352 1598 3440 collocatores
1627 3410 1643 3439 ,
1676 3354 1979 3452 quando
2017 3371 2182 3454 post
2212 3357 2471 3428 Divina
2524 3350 2732 3425 collo-

580 3482 617 3518 »
681 3464 853 3523 cant
879 3450 1291 3547 neglectum
1321 3453 2002 3550 pensum‚·uthabet
2024 3455 2275 3554 Laym..
2311 3456 2460 3526 hic.
2493 3448 2731 3549 Impri-

496 3630 504 3634 ,
585 3580 622 3616 »ι
684 3575 882 3622 mere
914 3562 1160 3622 tamen
1191 3552 1447 3624 servile
1483 3550 1796 3626 habetur
1820 3554 2081 3626 Escob.
2116 3555 2206 3626 D.
2233 3555 2306 3625 5.
2346 3579 2418 3625 c.
2444 3554 2517 3645 4.
2549 3547 2731 3621 Suar.

587 3677 626 3715 n
684 3648 935 3746 Laym.
971 3665 1100 3722 ete.
1647 3681 1653 3690 ·
2847 3653 2852 3660 ’

685 3778 720 3812 »
785 3770 849 3844 7.
879 3748 1200 3819 Excusat
1233 3748 1449 3820 etiam
1480 3748 1647 3820 Fill.
1684 3748 1807 3821 hic
1849 3775 1923 3824 n.
1968 3750 2123 3848 169.
2154 3748 2750 3840 distillationem,¹

589 3876 627 3911 »
691 3871 851 3942 quae
900 3844 1055 3917 sine
1108 3848 1435 3943 corporis
1483 3846 1902 3943 fatigatione
1933 3850 2176 3947 potius
2228 3846 2321 3918 ad
2371 3847 2733 3946 experien-

592 3973 628 4010 ω
693 3945 894 4027 tiam,
932 3964 1006 4016 et
1035 3946 1371 4043 peritiam
1407 3947 1508 4035 fit,
1542 3950 1762 4045 quam
1802 3974 1887 4019 ex
1926 3946 2189 4036 officio,
2223 3962 2297 4019 et
2329 3962 2480 4019 arte
2514 3939 2731 4032 ⁴'Ma’-

593 4070 630 4106 n
691 4040 898 4112 mittit
941 4069 1100 4112 eam
1160 4041 1377 4114 Croix
1419 4069 1492 4115 n.
1529 4047 1692 4159 578.
1730 4045 1801 4116 si
1819 4071 2038 4143 parva
2071 4046 2162 4118 sit
2198 4043 2588 4144 applicatio.
2617 4038 2759 4118 *Aa

600 4167 640 4209 υ
691 4154 923 4212 autem
966 4140 1053 4214 ob
1091 4139 1414 4215 eamdem
1450 4157 1789 4230 rollonem
1823 4143 2033 4219 liceat
2059 4145 2433 4220 emundare
2467 4140 2740 4214 tn‘u'eum
