2934 4734
513 249 646 337 476
782 250 928 318 Lib.
954 251 1068 317 111.
1090 250 1306 318 Traet.
1327 251 1416 320 V.
1437 249 1843 343 DeSeptimo
1861 251 2183 344 Praecepto
2200 250 2421 320 Decal.

511 361 719 435 Ratio
755 418 772 447 ‚
811 367 980 462 quia
1017 378 1348 462 respectu
1386 363 1597 437 Pauli
1640 369 2012 463 percussio
2039 363 2167 437 illa
2194 362 2516 437 nonfuit
2548 387 2703 435 vo-

513 456 586 531 lu
601 464 831 534 maria
863 518 879 548 ‚
909 464 1037 535 sed
1063 462 1261 534 mere
1290 462 1597 534 casualis
1633 479 1707 534 et
1736 462 2062 535 affectiva
2097 488 2116 554 ;
2150 462 2399 535 solum
2432 465 2701 532 aii-teni:

512 557 810 633 affectus
843 561 1301 658 percutiendi
1334 561 1629 631 Petrum
1668 560 1807 632 fuit
1843 562 2295 633 voluntarius
2328 616 2345 645 ‚
2384 562 2509 632 sed
2552 586 2698 633 so-

511 652 629 729 lus
666 658 966 731 affectus
1005 684 1153 731 non
1185 672 1293 731 est
1325 658 1687 731 sufficiens
1722 658 1817 730 ad
1852 659 2349 753 inducendam
2383 680 2702 731 excom-

512 759 1113 831 municauonem.
1169 754 1631 830 probabilius
1688 771 1934 830 tamen
1990 758 2279 830 dicunt„
2303 758 2706 828 incurrere

508 851 775 928 Sanch.
812 857 901 927 de
937 857 1158 928 Matr.
1190 855 1236 924 l.
1270 880 1319 954 9
1345 856 1444 929 D.
1489 855 1578 927 32
1616 881 1689 929 n.
1730 858 1823 930 26
1858 883 2010 928 cum
2050 855 2353 927 Cordub‘..
2385 871 2458 926 et
2489 855 2691 924 Coss.

514 952 591 1023 V
581 952 694 1022 ἱνα
728 953 812 1025 de
845 953 1046 1026 Rest.
1080 979 1145 1051 q.
1179 978 1218 1051 7
1247 969 1385 1026 art.
1432 981 1452 1027 t
1488 978 1561 1026 n.
1594 979 1634 1048 7
1664 955 1943 1047 Bonae.-
1967 955 2056 1027 de
2084 953 2419 1026 CenssD.
2448 978 2606 1049 sse).
2647 976 2695 1022 2

496 1075 578 1146 p.
633 1074 658 1120 ι
697 1077 770 1121 n.
813 1077 905 1124 20
937 1077 1091 1123 cum
1125 1050 1310 1122 Mol.
1355 1051 1525 1126 Reb.
1561 1051 1834 1125 etaliis
1874 1051 2404 1133 communiter,
2444 1063 2525 1122 ut
2567 1049 2699 1121 fa·-

507 1160 706 1219 tetur
732 1150 888 1247 ipse
928 1148 996 1218 T
989 1149 1173 1220 amb.
1205 1174 1277 1221 n.
1315 1153 1426 1222 28.
1462 1149 1666 1223 Ratio
1689 1206 1707 1233 ‚
1741 1153 1906 1249 quia
1940 1150 2280 1223 occidens
2307 1149 2699 1222 Clericum

502 1244 674 1316 ideo
704 1248 1011 1320 incurrit
1040 1248 1872 1323 excommunicationem
1903 1304 1919 1335 ,
1948 1247 2299 1348 quoniam
2335 1247 2700 1318 in'uriam

506 1343 779 1443 irrogat
828 1347 1047 1417 statui
1096 1344 1438 1417 Clericali
1484 1370 1501 1435 ;
1545 1347 1675 1444 q'ui
1725 1364 1978 1418 autem.
2024 1369 2261 1419 unum
2302 1344 2394 1417 -Cl
2437 1345 2697 1415 ricum

505 1468 645 1541 pro
710 1444 855 1516 alio
924 1444 1241 1542 percutit
1268 1497 1285 1529 ,
1340 1443 1516 1516 licet
1550 1459 1743 1517 erret
1775 1446 1848 1516 in
1890 1471 2198 1544 persona
2233 1500 2251 1533 ‚
2289 1451 2436 1541 jam
2473 1440 2695 1514 laedit

469 1556 475 1565 ’
509 1554 780 1627 statum
815 1540 1247 1623 Clericalem
1270 1596 1288 1629 ‚
1328 1544 1497 1641 quia
1531 1541 1905 1619 Clericnm
1940 1544 2094 1617 vult
2127 1543 2436 1630 laedere,
2474 1553 2552 1612 et
2592 1541 2690 1615 de

506 1638 700 1711 facto
733 1640 1102 1715 Clericum
1137 1638 1373 1714 laedit.
1419 1640 1561 1712 Sed
1601 1639 1799 1714 dices
1831 1698 1850 1729 ,
1898 1668 2032 1714 cur
2067 1642 2200 1715 iste
2243 1662 2687 1713 excommua

503 1739 950 1810 nicationem
1000 1738 1316 1813 Cauonis
1377 1739 1691 1811 incurrit
1747 1797 1766 1827 ,
1821 1753 1895 1812 et
1952 1766 2103 1827 non
2155 1736 2688 1835 obligationem

503 1837 986 1910 restitutionis
1020 1835 1049 1907 ?
1080 1835 1590 1936 Respondetur
1615 1864 1638 1909 z
1674 1835 2083 1912 differentia
2135 1853 2245 1908 est
2270 1893 2288 1925 ,
2329 1839 2497 1934 quia
2532 1861 2691 1908 res·

503 1936 749 2007 titutio
800 1961 949 2007 non
999 1933 1309 2007 debetur
1359 1959 1688 2035 personae
1715 1992 1734 2024 ‚
1791 1935 1932 2008 nisi
1975 1935 2072 2007 oh
2112 1934 2459 2033 injuriam
2501 1960 2685 2033 per-

503 2057 699 2106 sonae
736 2031 1066 2121 illatam;
1113 2031 1247 2104 sed
1288 2033 1948 2106 excommunicatio
1981 2034 2383 2106 incurritur
2423 2032 2519 2103 ob
2556 2035 2682 2103 in·-

502 2133 767 2229 juriam
804 2131 1069 2203 factam
1115 2132 1335 2203 statui
1386 2130 1923 2222 ecclesiastico,
1967 2157 2128 2246 quae
2174 2132 2253 2202 in
2301 2129 2447 2203 hoc
2496 2151 2682 2202 casu

501 2232 649 2327 jam
682 2229 886 2301 adest
916 2254 933 2318 ;
970 2244 1041 2301 et
1070 2232 1402 2327 quamvis
1438 2234 1776 2327 respectu
1814 2230 2022 2303 Pauh
2049 2234 2144 2302 sit
2169 2228 2677 2313 accidentaliS‚

500 2341 573 2398 et
603 2326 998 2399 materialis
1022 2385 1040 2413 ,
1074 2342 1409 2428 respectu
1441 2326 1614 2403 vero
1649 2330 1875 2403 statiis
1921 2342 2030 2401 est
2061 2327 2567 2399 substantialis
2605 2340 2681 2399 et

499 2425 854 2498 formalis.
889 2423 1130 2499 Tanto
1163 2430 1386 2523 magis
1422 2441 1641 2525 puzto,
1672 2427 2070 2500 occisorem
2096 2426 2173 2497 in
2206 2451 2291 2497 eo
2312 2450 2484 2497 casu
2520 2452 2673 2498 non

497 2527 824 2598 excusari
857 2524 950 2596 ab
984 2525 1429 2598 incur-reuda
1460 2524 1987 2623 irregularitate
2013 2581 2033 2613 ‚
2064 2539 2152 2597 ut
2190 2523 2371 2595 dicit
2402 2521 2671 2596 Sanc-h.

496 2622 548 2693 l.
588 2649 648 2694 c.
676 2650 831 2696 cum
863 2624 1033 2694 Coo.
1074 2622 1365 2697 Cordub.
1395 2624 1569 2694 Led.
1612 2626 1674 2693 V
1672 2651 1806 2723 ega
1835 2680 1848 2694 .
1874 2640 2008 2696 etc,
2038 2629 2291 2696 contra
2318 2622 2470 2692 Fal.
2503 2635 2551 2692 t.
2583 2646 2675 2692 2o

496 2745 560 2794 c,
599 2721 642 2792 3
676 2749 743 2819 q.
793 2748 874 2793 ιο
911 2719 1118 2817 Spvn
1144 2722 1290 2795 de5
1322 2721 1547 2794 Proec.
1572 2747 1642 2793 tc.
1676 2722 1719 2795 3
1740 2748 1810 2793 n.
1835 2721 1987 2793 206-
2002 2737 2076 2794 et
2094 2719 2359 2791 ,Tamb.·
2386 2719 2519 2792 loc.
2559 2719 2672 2792 cit.
2732 2758 2738 2762 ·

497 2843 572 2892 n.
611 2820 701 2893 25
741 2846 899 2892 cum
936 2820 1113 2894 Con.
1155 2819 1383 2893 Henr.
1420 2835 1493 2889 et
1520 2818 1857 2894 Fan'nac.
1899 2818 2385 2918 qui-'afferunt
2413 2844 2554 2917 pro
2592 2843 2670 2890 se

501 2916 898 3013 quamdam
927 2917 1519 2991 Declarationem
1548 2919 1616 2989 S.
1653 2918 1733 2990 Cz.
1763 2917 2073 2990 Concilii
2106 2944 2280 2988 anu.
2314 2943 2347 2988 -ι
2365 2917 2506 3014 587
2544 2942 2666 3011 apa

494 3015 689 3086 Dian
719 3017 768 3088 l.
790 3043 850 3087 c.
885 3015 1012 3088 uhi
1039 3016 1492 3088 declaratum
1515 3015 1678 3101 fuit,
1707 3016 1911 3114 quod
1934 3015 2291 3088 mandans
2316 3029 2447 3105 ‚⁴ut
2472 3015 2672 3087 occi·-

496 3112 717 3186 datur
742 3116 1000 3186 Petrus
1024 3172 1042 3200 ‚
1075 3141 1223 3187 non
1253 3116 1582 3187 incurrat
1608 3114 2213 3212 irregularitatem
2235 3115 2343 3197 ‚-si
2372 3112 2681 3185 manda-
2756 3190 2771 3215 ὃ

490 3212 727 3284 tarius
752 3238 998 3284 errans
1028 3212 1316 3286 occidat
1342 3211 1675 3285 Paulum.
1710 3212 1851 3285 Sed
1874 3212 2502 3312 respondetur-:in
2530 3212 2671 3286 hoo
2726 3226 2743 3245 ·’

494 3337 667 3387 casu
696 3307 864 3382 ideo
895 3311 1367 3383 mandantem
1399 3336 1547 3383 non
1579 3337 1733 3383 esse
1762 3313 2284 3411 irregularem,
2320 3314 2494 3408 quia
2528 3335 2676 3382 res·
2739 3338 2751 3359 ⁶

494 3425 716 3509 pectu
752 3411 1137 3482 occisionis
1169 3410 1377 3481 Pauli
1408 3435 1557 3483 non
1590 3424 1829 3508 potest
1854 3412 2017 3482 'dici
2054 3465 2070 3494 ,
2114 3407 2320 3509 quod
2352 3408 2488 3481 ille
2522 3405 2672 3479 fue·

493 3510 591 3582 rit
619 3534 840 3580 everus
885 3508 1244 3580 mandans
1271 3565 1288 3591 ‚
1337 3524 1510 3580 cum
1546 3535 1743 3580 mors
1788 3508 1999 3580 Pauli
2039 3509 2330 3581 accidat
2364 3505 2669 3580 omnino

494 3633 741 3682 errore
786 3608 1226 3679 mandatarii
1260 3661 1277 3690 ‚
1323 3633 1472 3678 non
1504 3621 1818 3706 ‘propter
1857 3605 2338 3695 mandatum;
2381 3605 2510 3677 sed
2549 3597 2672 3702 qui

496 3731 735 3777 unum
835 3731 917 3778 ro
958 3703 1102 3778 alio
1158 3704 1429 3777 occidit
1460 3731 1724 3787 ,fverus
1767 3705 2039 3779 dicitur
2083 3705 2484 3777 homicida.
2518 3703 2667 3776 Nec

500 3801 740 3875 obstat
821 3805 1046 3890 icere,
1069 3802 1296 3901 quod,
1319 3803 1377 3874 si
1464 3807 1579 3875 uis
1611 3803 2352 3904 projiciens-lapidem
2368 3801 2533 3876 vult
2552 3830 2674 3875 oc-

497 3900 745 3974 cidere
763 3902 1064 3975 iuimicu
1078 3931 1151 3974 m
1166 3918 1235 3974 et
1254 3829 1526 3975 occidit
1541 3901 1738 3975 mere
1755 3929 1922 3974 casu
1933 3902 2139 3974 aliter
2152 3903 2346 3974 amic
2357 3920 2663 3990 um‚non

498 4000 1458 4098 incurrat-irregularitatem
1482 4056 1501 4089 ‚
1524 4014 1607 4072 ut
1632 4000 1898 4073 dicunt
1915 4000 2104 4073 Bon.
2135 4000 2183 4072 l.
2219 4027 2452 4074 acum
2467 3999 2664 4072 Suar.

429 4202 436 4209 ἲ
496 4096 780 4207 e-tqutf.
818 4099 934 4175 Sic
951 4101 1168 4187 etiam
1202 4097 1600 4175 dicendum
1621 4099 1714 4174 de
1748 4125 1865 4188 eo,·
1891 4101 2053 4202 quis
2070 4100 2328 4178 volens
2354 4096 2669 4200 pugione·
2736 4114 2745 4141 ³

1476 4418 1632 4464 ”'‘.
