2934 4734
529 252 657 321 522
797 251 942 319 Lib.
960 250 1077 320 m.
1096 252 1315 319 'ri-aet.
1335 250 1424 319 V.
1444 251 1546 319 De
1564 249 1850 343 Septimo
1867 247 2429 342 Praecepto-Decal.

522 387 600 434 n.
640 362 736 437 56
778 389 930 435 cum
965 364 1114 436 Fill.
1165 366 1260 438 P.
1295 365 1487 437 Ναν.
1539 367 1694 439 Pel.
1739 364 1955 435 Dian.
1997 381 2129 436 etc,
2178 389 2261 437 ac
2311 357 2691 462 probabile

529 475 778 534 censet
796 462 1277 535 Bametitmsi
1313 478 1552 562 partes
1587 465 1660 534 in
1691 461 2029 562 pluribus
2061 464 2277 534 Horis
2303 461 2694 534 constitue-2

526 578 685 631 rent
731 557 945 634 simul
1002 586 1287 658 gravem
1334 565 1711 635 materiam
1738 587 1755 651 ;
1787 561 1971 659 quia
2007 575 2465 660 praeceptum
2504 560 2689 630 reci-4

525 657 726 729 tandi
763 660 1122 754 integrum
1158 659 1498 733 Officium
1531 659 1898 731 diversum
1929 673 2040 730 est
2068 663 2108 730 a
2135 661 2517 756 Prae-cepto
2544 681 2696 728 res-

521 757 885 828 titutionis
915 813 931 843 ,
962 781 1133 855 qnae
1167 761 1194 852 (
1227 773 1309 831 ut
1342 759 1624 831 dictum
1665 772 1766 830 est
1806 761 1834 851 )
1868 782 2022 828 non
2062 756 2373 828 debetur
2406 754 2502 850 de
2536 759 2694 849 jure

522 869 848 943 naturae,
904 856 1034 927 sed
1095 882 1181 928 ex
1239 856 1584 928 mandato
1638 853 1982 927 Ecclesia
2026 912 2043 938 ‚
2098 880 2234 953 pro
2297 854 2694 925 omissione

517 954 975 1048 singularum
1011 954 1398 1028 Horarum.
1432 955 1577 1027 Sed
1603 954 1714 1025 his
1749 980 1896 1024 non
1925 951 2385 1025 obstantibus
2457 948 2698 1021 verius

519 1052 705 1121 mihi
744 1051 1029 1124 videtur
1069 1056 1490 1152 oppositum
1519 1108 1536 1137 ,
1593 1051 1797 1151 quod
1847 1052 2114 1123 docent
2147 1050 2349 1122 Sum.
2401 1049 2495 1118 de
2541 1048 2698 1124 flet.

515 1147 566 1219 l.
611 1151 656 1240 4
692 1175 754 1220 c.
790 1151 880 1223 30
908 1176 981 1222 n.
1028 1152 1133 1223 13.
1173 1152 1266 1223 P.
1314 1152 1624 1223 Concz‘na
1652 1152 1697 1223 l.
1734 1175 1793 1222 c,
1828 1150 2016 1221 Bon.
2054 1149 2140 1219 de
2172 1147 2360 1218 Hor.
2395 1147 2561 1216 Can
2600 1145 2701 1214 D.

519 1269 564 1316 2
598 1246 756 1344 ‘7⁰-5
784 1272 855 1344 p.
898 1273 937 1318 2
969 1273 1035 1317 n.
1079 1248 1159 1321 15
1201 1273 1355 1319 cum
1396 1248 1602 1319 Garr.
1642 1261 1769 1319 etc.
1810 1245 2077 1346 nempe
2111 1270 2256 1318 non
2290 1243 2633 1316 excusari
2667 1246 2712 1316 ὲ,

519 1345 983 1416 restitutione
1018 1403 1033 1428 ,
1073 1347 1200 1443 qui
1231 1348 1304 1417 in
1338 1374 1488 1419 uno
1520 1346 1779 1420 Officio
1810 1371 1942 1443 per
1971 1344 2218 1441 plures
2247 1336 2709 1413 leves'omis·

516 1441 758 1513 siones
812 1442 902 1514 ad
955 1469 1236 1537 gravem
1279 1447 1655 1517 materiam
1695 1443 2069 1542 pertingit.
2114 1443 2364 1529 Ratio,
2405 1440 2585 1538 quia
2618 1462 2702 1512 ex

515 1537 802 1612 Concil.
853 1544 1323 1614 Lateranensi
1362 1541 1693 1616 absolute
1737 1556 2094 1655 praecepta
2147 1539 2282 1609 fuit
2331 1531 2697 1609 restitutio

515 1636 896 1709 fructuum
938 1665 1065 1731 pro
1108 1658 1265 1712 rata
1311 1641 1710 1714 omissionis
1762 1637 1985 1731 Officit
2013 1692 2032 1722 ‚
2086 1637 2214 1709 ubi
2254 1650 2448 1707 'nota
2478 1694 2493 1716 ‚
2554 1659 2699 1706 nou

515 1733 665 1807 dici
696 1736 813 1809 ihi.
840 1763 968 1836 pro
1004 1753 1152 1810 rata
1186 1740 1596 1811 omissionis
1636 1736 2034 1834 cujuslibet
2069 1737 2280 1806 Horae
2309 1791 2323 1814 ‚
2352 1732 2490 1805 sed
2525 1732 2700 1822 Offi-

512 1832 654 1905 cii.-
685 1833 852 1928 ergo
886 1859 970 1907 ex
1002 1838 1333 1909 Concilio
1369 1833 1712 1912 ‘omittens
1751 1852 2031 1935 partem
2059 1830 2472 1904 notabilem
2517 1829 2700 1900 Offi-

513 1932 611 2004 cii
650 1937 796 2028 jam
829 1932 1210 2006 tenebatur
1248 1935 1341 2007 ad
1381 1935 1938 2007 restitutionem.
1974 1934 2228 2003 Postea
2265 1930 2336 2004 S.
2379 1933 2564 2001 Pius
2604 1927 2696 1997 V.

516 2054 726 2102 suam
787 2030 1078 2104 Bullam
1136 2035 1530 2117 emanavit,
1596 2036 1741 2132 qua
1811 2030 1995 2102 nihil
2066 2027 2367 2127 quidem
2419 2031 2516 2099 de
2572 2024 2698 2098 illa

512 2128 1052 2202 Constitutione
1145 2129 1462 2202 Concilii
1549 2131 1960 2202 immutavit
1995 2183 2015 2212 ‚
2086 2128 2220 2198 sed
2281 2125 2698 2220 expressius

500 2226 871 2321 pros-idere
936 2228 1170 2298 volens
1201 2283 1217 2309 ‚
1280 2243 1360 2299 ut
1437 2226 1620 2300 dixit
1650 2284 1666 2313 ‚
1749 2226 1991 2299 solum
2070 2224 2406 2297 definivit
2457 2247 2698 2321 quan·-

509 2320 669 2395 thm
746 2323 961 2396 fuerit
1035 2326 1570 2398 restituendum
1657 2350 1795 2425 pro
1878 2322 2270 2396 omissione
2357 2321 2699 2418 singula-t

511 2445 685 2495 rum
717 2422 1119 2513 Horarum;
1155 2449 1239 2495 ex
1273 2426 1408 2496 hac
1440 2439 1679 2496 autem
1714 2421 2140 2494 definitione
2168 2445 2560 2521 perperam
2593 2420 2695 2489 ine

510 2519 746 2592 fertur
785 2576 803 2609 ,
869 2520 1067 2620 quod
1120 2522 1451 2594 Pontifex
1501 2522 1815 2594 voluerit
1867 2523 2180 2592 eximere
2231 2521 2694 2591 omittentem

510 2635 797 2717 partem
847 2618 1245 2690 notabilem
1298 2624 1522 2693 totius
1564 2619 1800 2692 Officii
1854 2624 1890 2690 a
1942 2617 2405 2690 restitutione
2456 2620 2606 2711 jam
2654 2618 2692 2686 a

511 2716 846 2788 Concilio
900 2716 1007 2788 illi
1066 2720 1402 2817 imposita
1436 2778 1453 2804 ,
1514 2718 1841 2817 quamvis
1896 2715 2484 2787 non·omittatur
2525 2737 2688 2809 pars

506 2813 854 2885 notabilis
917 2817 1498 2916 uuiuscujusque
1555 2817 1795 2888 Horae.
1846 2811 2364 2909 Tantismagis
2422 2808 2694 2881 demde

404 2961 409 2968 -
506 2914 882 3010 rejicimus
932 2940 1103 2985 curn
1140 2911 1356 2984 Salm.
1406 2913 1568 2985 ibid.
1626 2913 1900 2985 Bonae.
1964 2911 2126 2981 Pal.
2173 2928 2299 2982 etc.
2350 2908 2427 2980 id
2486 2906 2696 3010 quod

508 3008 769 3081 dicunt
806 3010 1076 3084 Fz'lliuc.
1121 3011 1391 3085 Pelz'zz.
1434 3027 1508 3082 et
1535 3010 1749 3081 Dian.
1790 3012 1818 3102 (
1856 3025 1929 3080 et
1964 3009 2035 3078 V
2028 3009 2138 3078 ἱνα
2166 3022 2374 3106 putat
2415 3005 2699 3105 proba-

505 3107 657 3180 bile
718 3134 885 3178 cum
932 3108 1228 3180 Navarr.
1285 3125 1356 3180 et
1406 3110 1629 3179 Talet.
1662 3110 1735 3203 ).,
1772 3104 2124 3179 nimirum
2151 3127 2298 3178 non
2332 3104 2573 3177 teneri
2604 3102 2697 3175 ad

503 3205 1039 3278 restitutionem
1082 3262 1097 3292 ,
1143 3208 1270 3306 qui
1312 3206 1582 3279 omittit
1616 3218 1903 3305 partem
1934 3203 2335 3276 notabilem
2373 3202 2702 3300 alicujus

504 3304 721 3377 Horae
758 3360 772 3386 ‚
813 3330 981 3375 nam
1025 3306 1154 3403 qui
1203 3319 1480 3402 partem
1529 3302 1934 3376 notabilem
1982 3303 2252 3375 omittit
2279 3299 2506 3386 ‚lvere
2544 3326 2694 3372 nou

504 3404 766 3476 recitat
802 3404 1070 3474 Horam
1112 3459 1129 3491 ‚
1164 3402 1359 3475 sicut
1388 3401 1557 3474 vere
1602 3404 1899 3476 Missam
1935 3402 2208 3475 omittit
2233 3402 2365 3498 qui
2403 3413 2694 3499 partem

507 3504 665 3597 ejus
696 3499 1098 3572 notabilem
1141 3528 1291 3572 non
1329 3501 1556 3573 audit.
2127 3561 2132 3567 ,
2417 3542 2428 3549 ·

385 3621 521 3690 669·
604 3602 899 3689 Quaeres
933 3596 1003 3669 6.
1044 3604 1156 3670 An
1192 3613 1525 3671 teneatur
1582 3597 1673 3667 ad
1714 3596 2247 3670 restitutionem
2293 3593 2699 3667 Beneficia·

505 3694 658 3767 rius
700 3697 825 3792 qui
871 3699 1126 3769 recitat
1170 3689 1516 3769 Officium
1563 3697 1720 3769 sine
1757 3695 2002 3767 debita
2042 3694 2449 3782 attentione
2482 3693 2514 3763 Ρ
2545 3691 2693 3782 Qui

505 3793 800 3865 externe
865 3794 1273 3868 voluntarie
1304 3794 1731 3866 distrahitur
1760 3791 1956 3866 certe
1995 3817 2142 3864 non
2174 3790 2528 3864 satisfacit
2568 3789 2697 3863 Of-

506 3889 676 3960 ficio
710 3944 726 3970 ‚
775 3905 844 3960 et
885 3907 1176 3964 tenetur
1220 3896 1620 3965 restituere.
1654 3891 1986 3964 Dubium
2023 3904 2131 3961 est
2169 3888 2262 3959 de
2307 3915 2387 3960 se
2419 3889 2696 3961 distra-.

505 3986 728 4058 hente
776 3988 1082 4068 interius
1122 4018 1137 4076 ;
1193 3987 1285 4062 de
1340 3992 1483 4064 hoc
1524 4015 1783 4084 magna
1842 3987 2361 4087 est-quaestio,
2410 3986 2504 4058 de
2548 4010 2693 4085 qua

500 4082 665 4157 fuse
692 4107 985 4182 agemus
1005 4088 1180 4182 lia-4
1209 4111 1286 4162 n.
1326 4109 1457 4190 177
1475 4087 1602 4162 ubi
1629 4084 2211 4192 probabiliorem
2224 4109 2380 4162 esse
2409 4100 2689 4161 senten-
