2934 4734
549 263 687 354 576
826 260 971 327 Lib.
992 260 1107 327 111.
1130 260 1345 327 Tract.
1367 261 1454 329 V.
1476 261 1576 327 De
1596 260 1880 351 Septimo
1897 260 2218 351 Praecepto
2234 259 2455 328 Decal.
2491 206 2495 210 ι

548 403 711 451 non
744 389 1028 473 poterat
1064 374 1263 446 illius
1304 373 1718 445 dominium
1748 375 1887 446 sibi
1924 373 2374 471 adjudicare.
2423 373 2694 468 Pauper

554 489 803 547 autem
826 527 843 559 ‚
888 474 1019 574 qui
1053 471 1349 545 aliunde
1382 471 1579 545 bona
1609 472 1901 562 habuit,
1935 474 2044 547 vel
2101 498 2309 571 spem
2345 466 2698 552 habendi,

554 588 641 645 ut
669 575 890 671 supra
923 572 1234 643 diximus
1258 628 1277 660 ‚
1308 568 1498 642 bene
1547 585 1836 644 tenetur
1871 572 2248 644 restituere
2278 594 2430 641 rem
2459 592 2628 639 acce

554 686 707 743 tam
742 725 760 756 ‚
805 684 876 741 et
929 685 1444 766 consumptam
1498 670 1575 740 in
1623 673 2052 743 necessitate
2094 726 2111 754 ‚
2158 671 2330 769 quia
2357 723 2379 755 ‚
2421 692 2622 765 quan
2668 662 2705 734 ὸ

553 795 714 843 rem
749 770 1033 868 accepit
1058 824 1077 852 ,
1112 793 1263 840 non
1301 769 1439 841 suit
1476 767 1806 841 absolute
1840 795 2148 867 pauper.

656 872 899 960 Quaer.
942 867 1072 943 VI.
1116 873 1232 938 An
1256 866 1483 954 diveS,
1513 893 1665 939 non
1716 866 2156 940 subveniens
2188 863 2499 967 pauperi
2531 875 2712 933 tem-

553 991 774 1065 pore,
832 991 977 1063 quo
1019 965 1146 1037 ille
1182 981 1335 1037 erat
1384 969 1460 1037 in
1509 980 1828 1039 extrema
1876 966 2300 1037 necessitate
2328 1021 2347 1053 ‚
2384 973 2715 1034 teneatur

555 1068 809 1162 postea
861 1062 956 1135 ad
1015 1065 1614 1137 restitutionem?
1654 1065 1904 1136 Prima
1951 1066 2308 1136 sententia
2366 1061 2715 1139 affirmat,

552 1162 879 1235 et‘hanc
934 1176 1185 1235 tenent
1246 1163 1550 1234 Carden.
1607 1163 1681 1233 in
1750 1189 1776 1235 1
1847 1164 2034 1234 Crisz'
2063 1164 2160 1235 D.
2199 1160 2292 1233 26
2327 1188 2403 1231 n.
2448 1157 2550 1258 76
2578 1181 2717 1229 cum

546 1261 767 1332 Hurt.
798 1261 1052 1357 Laym.
1083 1262 1130 1332 l.
1162 1262 1206 1339 3
1237 1276 1324 1330 tr.
1348 1262 1481 1358 Sp.
1529 1289 1554 1333 1
1590 1287 1655 1332 c.
1703 1289 1727 1334 1
1763 1287 1835 1334 n.
1861 1284 1900 1359 7
1938 1260 2380 1332 itemPrado
2416 1274 2493 1329 et
2514 1255 2717 1348 Arag.

546 1384 676 1453 -αρ,
714 1357 934 1432 Salm.
965 1360 1054 1430 de
1090 1359 1292 1432 Rest.
1326 1385 1396 1432 n.
1441 1360 1534 1434 33
1573 1384 1881 1458 eamque
1915 1373 2123 1459 putat
2146 1356 2722 1456 probabiliorem

540 1449 653 1526 Ῥ.
710 1456 1022 1527 Coneina
1070 1473 1241 1529 tom.
1286 1484 1329 1531 2
1384 1457 1473 1529 de
1511 1458 1787 1531 Eleffm.
1832 1484 1894 1530 c.
1933 1483 1983 1554 9
2025 1472 2265 1554 qua-st.
2333 1481 2444 1529 10.
2483 1452 2722 1534 Ratio,

558 1553 731 1652 quia
772 1579 1055 1652 pauper
1097 1555 1175 1625 in
1233 1571 1553 1628 extrema
1598 1560 2020 1630 necessitate
2056 1554 2283 1626 habet
2320 1578 2587 1626 verum
2620 1556 2721 1645 jun

542 1651 657 1723 ad
698 1651 892 1723 bona
954 1653 1195 1725 divitis
1233 1711 1251 1743 ,
1301 1669 1372 1726 et
1414 1653 1583 1726 ideo
1628 1711 1648 1739 ‚
1691 1659 1752 1728 si
1809 1655 2004 1726 dives
2053 1653 2183 1725 illa
2234 1678 2387 1724 non
2441 1649 2726 1731 tradat,

556 1765 819 1849 peccat
865 1755 1118 1823 contra
1166 1753 1558 1847 justitiam,
1594 1767 1666 1825 et
1708 1768 2003 1826 tenetur
2039 1752 2448 1823 restituere.
2488 1748 2679 1821 Alias
2704 1801 2721 1831 ‚

538 1850 620 1920 -si
652 1875 807 1921 non
864 1865 1205 1948 peccaret
1246 1856 1503 1924 contra
1551 1853 1934 1949 justitiam,
1974 1851 2099 1922 sed
2146 1849 2448 1922 tantum
2485 1846 2724 1919 contra

558 1947 1030 2040 charitatem,
1072 1963 1315 2048 posset
1353 1950 1506 2049 ipse
1542 1948 1699 2022 sine
1731 1950 2087 2048 injustitia
2123 1952 2339 2021 etiam
2377 1943 2727 2044 impedire

544 2071 986 2144 pauperem,
1011 2047 1406 2145 quominus
1431 2048 1505 2119 in
1526 2046 1655 2119 tali
1675 2049 2103 2120 necessitate
2116 2074 2332 2119 suum
2353 2047 2505 2117 arri
2516 2053 2723 2142 peret}

507 2209 510 2212 .
542 2157 1104 2217 anacteum-etur
1135 2144 1229 2217 ad
1258 2147 1795 2219 restitutionem
1827 2145 2292 2234 damnorum,
2335 2143 2726 2217 obvenien-

542 2242 1104 2338 ·tium.filiis'pau
1118 2246 1330 2339 peris,
1362 2245 1492 2340 qui
1517 2269 1604 2316 ex
1629 2244 1757 2317 illa
1781 2244 2257 2343 impeditione
2274 2257 2595 2314 mortem
2613 2263 2727 2310 su·

538 2336 1038 2438 -birent3quod
1053 2366 1269 2416 nemo
1291 2341 1691 2417 dicit.Hinc
1706 2341 1944 2417 infern
1956 2341 2356 2442 nt‚quod,si
2378 2339 2580 2412 dives
2597 2334 2731 2410 sive

540 2437 938 2536 -impediat‚
961 2440 1107 2512 sive
1125 2442 1442 2538 negligat
1466 2441 1640 2514 dare
1661 2441 2193 2540 eleemosynam
2215 2441 2292 2511 in
2315 2465 2408 2511 eo
2423 2465 2627 2520 casu,
2643 2448 2728 2505 te·

556 2538 1097 2623 fleatur,adhuc
1122 2538 1407 2614 sublata
1431 2540 2234 2628 necessitate‚resarcire
2251 2539 2502 2610 omnia
2524 2535 2727 2605 dame-

508 2657 657 2706 fn‘a
690 2638 1006 2732 pauperi
1039 2636 1264 2709 illata.
1292 2638 1612 2709 Secunda
1652 2637 1823 2711 vero
1859 2638 2216 2710 sententia
2241 2633 2723 2734 probabilior,

530 2758 788 2828 ·quam
822 2736 1254 2807 tenent-Les.
1285 2736 1333 2810 l.
1373 2761 1414 2806 2
1439 2757 1503 2808 c,
1546 2752 1633 2811 12
1657 2763 1728 2806 n.
1765 2734 2202 2833 25.Lu5.D.'
2252 2735 2339 2807 16
2363 2760 2464 2803 ex
2490 2759 2568 2802 n.
2605 2730 2722 2821 143

557 2830 973 2903 Holz.ann.
995 2834 1082 2904 de
1106 2833 1370 2906 Chart't.
1402 2855 1465 2907 c,
1505 2834 1634 2906 312.
1665 2835 1797 2906 182
1831 2858 2004 2906 cum
2029 2829 2436 2920 communi,
2459 2828 2545 2901 ut
2562 2852 2728 2901 asse-

536 2929 656 3000 ·rit
678 2929 696 3013 ζ
718 2944 792 3000 et
808 2928 1027 3003 Salm.
1051 2932 1180 3004 loc.
1216 2932 1331 3004 cit.
1358 2957 1431 3002 n.
1469 2933 1562 3022 34
1594 2956 1750 3002 cum
1781 2929 1981 3005 Suar.
2015 2932 2191 3004 Con.
2231 2931 2428 3002 Ban.
2470 2925 2724 2999 Sanclz.

566 3027 640 3099 V
630 3053 781 3124 usq.
808 3043 1076 3122 negat,
1123 3028 1353 3101 teneri
1389 3029 1688 3101 divitem
1722 3029 1813 3101 ad
1849 3031 2392 3102 restitutionem
2420 3025 2726 3097 damno-

538 3150 727 3197 ‘rum
760 3180 776 3209 ,
813 3126 873 3196 si
911 3128 1229 3226 negligat
1266 3127 1438 3200 dare
1472 3127 2040 3226 eleemosynam.
2080 3128 2285 3201 Ratio
2309 3183 2326 3211 ‚
2368 3126 2537 3221 quia
2570 3122 2722 3194 talis

540 3222 909 3319 obligatio
968 3239 1075 3296 est
1117 3253 1204 3298 ex
1239 3240 1602 3323 praecepto
1643 3224 2070 3313 charitatis,
2107 3248 2275 3324 quae
2310 3223 2402 3295 ad
2434 3222 2722 3296 restitu-

538 3321 837 3393 .tionem
879 3347 1032 3393 non
1080 3324 1372 3421 obligat.
1436 3326 1537 3395 Et
1591 3325 1923 3419 quamvis
1984 3346 2265 3424 pauper
2300 3322 2377 3394 in
2418 3336 2719 3394 extrema

538 3419 987 3499 ‘necessitate
1014 3420 1276 3495 habeat
1304 3427 1424 3519 'jus
1459 3421 1553 3493 ad
1576 3420 1770 3493 bona
1804 3421 2042 3495 divitis
2066 3415 2717 3522 apprehendenda,

540 3542 736 3588 .cnm
771 3516 895 3589 illa
931 3543 1016 3588 eo
1052 3546 1222 3592 casu
1257 3522 1434 3592 fiant
1456 3521 1877 3604 commu-nia
1904 3577 1921 3605 ‚
1950 3516 2101 3593 non
2136 3521 2454 3617 acquirit
2486 3532 2714 3589 tamen

548 3630 822 3691 'vorum
857 3616 1309 3699 dominium:
1348 3632 1525 3690 tunc
1554 3619 1776 3706 enim,
1818 3645 1967 3690 non
2002 3618 2247 3719 quoad
2277 3615 2706 3697 dominium,

514 3788 521 3795 ‚
555 3714 689 3784 sed
736 3713 1027 3786 tantum
1061 3716 1303 3814 quoad
1336 3742 1555 3788 usum
1590 3712 1783 3788 bona
1824 3717 2054 3790 aliena
2109 3715 2528 3788 communia
2560 3737 2709 3781 eva-

556 3810 773 3886 dunt.
807 3811 951 3884 Sed
982 3813 1178 3885 dices
1211 3843 1227 3885 :
1260 3814 1330 3885 Si
1363 3815 1564 3886 dives
1597 3839 1745 3886 non
1773 3813 2141 3912 obligetur
2168 3814 2260 3886 ad
2296 3810 2703 3885 subvenien-

557 3906 743 3978 dum
768 3934 931 4006 ‘pau
946 3912 1098 4007 peri
1139 3938 1225 3984 ex
1285 3913 1558 4006 justitia
1603 3968 1625 4002 ,
1682 3913 2059 4008 quomodo
2119 3915 2391 4012 poterit
2452 3927 2699 4006 pauper

555 4005 747 4099 juste
782 4033 935 4078 rem
969 4016 1126 4107 ejus
1173 4011 1541 4108 surripere
1567 4068 1590 4097 ‚
1626 4012 1788 4110 ipso
1844 4012 2111 4098 invito,
2146 4010 2259 4083 vel
2302 3999 2695 4080 nesciente?

551 4101 1005 4205 Respondes
1044 4134 1226 4184 eum
1265 4108 1444 4206 Lug.
1505 4107 1774 4185 eodem
1820 4108 2088 4215 modog
2138 4123 2223 4190 ut
2278 4107 2582 4185 diximus
2624 4097 2696 4171 ᾗ)
2740 4214 2744 4223 .
