2934 4734
453 285 625 378 cap.
659 284 716 352 1.
746 286 933 353 nuh.
963 285 1019 352 I.
1043 284 1205 372 Quae
1234 309 1427 378 opera
1459 285 1961 378 prohibeantur,
1995 305 2116 381 ete.
2225 288 2377 376 “143

175 399 340 498 Cas.
393 399 597 474 Nm.
654 397 922 476 Sanclz.
980 397 1167 496 Sylv.
1206 414 1335 472 etc.
1376 400 1575 495 apud
1609 396 1827 472 Salm.
1880 427 1946 474 c.
1987 429 2047 474 1.
2085 426 2157 470 η.
2208 399 2376 476 268.

174 500 359 597 quia
397 496 952 587 transscribere,
980 496 1272 584 dicunt,
1309 523 1460 569 non
1494 511 1602 572 est
1639 523 1828 595 opus
1865 499 2128 572 mentis
2150 552 2169 584 ‚
2204 524 2380 571 eum

175 596 406 670 multi
432 594 977 670 transscribant
1008 596 1226 670 etiam
1252 651 1276 683 ,
1311 595 1517 695 quod
1552 619 1698 672 uon
1748 596 2172 694 intelligunt
2194 652 2211 682 ‚
2249 597 2389 686 sed·

182 708 463 794 negant
494 693 1103 768 communissime
1133 749 1151 786 ,
1198 709 1287 767 -et
1334 692 1791 793 probabiliiis
1823 694 2045 767 Elbel
2079 721 2156 766 n.
2212 696 2388 793 399.

187 793 425 878 Ronc.
468 819 532 865 c.
576 793 935 891 3.-quoest.
975 798 1046 887 4.
1094 794 1309 888 Hesp.
1359 820 1418 866 1.
1445 791 1666 867 Salm.
1704 816 1769 866 c.
1824 821 1883 866 1.
1914 820 1991 864 n.
2031 819 2196 892 279.
2224 819 2386 865 cum

195 888 411 965 διιεῖ.
448 887 587 977 Sa,
640 891 712 961 T
701 892 852 963 rull.
892 890 1082 964 Bon.
1125 907 1198 962 et
1237 893 1310 962 V
1302 890 1418 962 ἱνα
1444 889 1538 991 Q
1571 914 1644 988 9.
1680 889 1838 964 Art.
1881 917 2049 964 1.2n.
2096 892 2165 964 3.
2217 913 2382 968 cum

199 988 373 1063 Pal.
422 1005 500 1060 et
523 989 907 1074 communi
927 1044 951 1073 ,,
990 989 1161 1087 quia
1186 987 1705 1062 transscribere
1732 1029 1754 1072 ‚-
1785 991 1977 1062 sicut
2013 988 2332 1062 scribere
2361 1021 2390 1080 ,-

189 1084 587 1174 ordinatur
620 1085 716 1160 ad
767 1102 1092 1160 mentem
1123 1086 1642 1160 instruendam
1676 1117 1693 1157 ε
1730 1089 1842 1160 Et·
1875 1085 2041 1160 ide&
2071 1086 2286 1160 Elbel
2306 1114 2381 1159 n.

172 1189 357 1279 400.
415 1187 486 1258 V
476 1186 592 1258 ἱνα
643 1185 804 1259 ibid.
861 1201 1074 1262 notat
1117 1212 1215 1257 ex
1276 1185 1529 1260 Tamb.
1581 1184 1802 1260 licere
1866 1187 2087 1260 eliam
2138 1191 2385 1258 trans-

174 1282 483 1358 cribere
526 1297 736 1357 notas
773 1289 1092 1372 musicas
1124 1340 1143 1368 ‚
1191 1297 1264 1356 et
1324 1285 1641 1357 rationes
1666 1342 1683 1373 ‚
1722 1298 1796 1357 et.
1817 1284 2041 1358 etiam
2071 1283 2385 1358 charae-

177 1395 380 1456 teres
431 1407 921 1481 componere,
979 1396 1063 1456 ut
1097 1382 1348 1483 Laym.
1394 1408 1556 1454 cam
1591 1382 1813 1454 Dian.
1860 1383 2034 1456 Bus.
2096 1408 2171 1457 n.
2215 1386 2390 1455 282.-

180 1507 339 1581 seq.
382 1479 649 1555 Mazz.
716 1497 791 1551 et
827 1480 1048 1553 Elbel
1091 1507 1166 1555 n.
1227 1484 1397 1575 401.
1431 1506 1591 1554 cum
1621 1480 1814 1578 Spar.
1856 1480 1924 1551 T
1918 1479 2103 1556 amb.
2141 1482 2383 1581 Mayr.

189 1594 264 1662 et
286 1577 618 1677 pluribus
654 1580 911 1662 eontra
938 1578 1103 1651 Pal.
2182 1611 2186 1616 ·

291 1678 544 1767 Quaer.
580 1675 648 1747 3.
683 1702 775 1749 an
860 1677 1109 1775 ingere
1136 1677 1233 1752 sit
1255 1703 1440 1777 opus
1471 1674 1784 1750 servile?
1808 1674 2057 1750 Prima
2086 1694 2381 1750 senten-
2401 1710 2498 1763 280

203 1772 303 1846 tia
332 1799 422 1847 ne
469 1789 552 1848 at
584 1801 760 1848 cum
785 1704 1067 1873 {ope-z,
1103 1774 1309 1850 Med.
1355 1775 1540 1873 Aug.
1593 1774 1779 1875 Sylva
1813 1772 1999 1874 Sayr
2034 1777 2327 1848 Armilla
2362 1832 2384 1864 ‚

198 1872 393 1947 Base
444 1928 460 1947 .
489 1872 712 1945 Barb.
737 1872 933 1971 apud
946 1873 1162 1948 Salm.
1202 1900 1262 1948 c.
1309 1901 1369 1947 1.
1405 1900 1480 1948 u.
1499 1907 1504 1914 ·
1523 1874 1689 1973 237.
1721 1888 1794 1945 et
1818 1872 2019 1969 apud
2043 1874 2384 1949 Busemb.

197 1985 274 2042 ct
311 1970 828 2070 hymenaeo
858 2026 877 2058 ‚
976 1974 1137 2059 uia,
1181 1987 1265 2045 ut
1288 1972 1598 2055 dicunt,
1653 1971 1794 2044 tale
1849 1967 2050 2069 opus>
2140 1972 2390 2069 roprie

188 2069 461 2142 servile
491 2083 816 2153 nonest,
843 2094 919 2142 se
1006 2068 1248 2170 potins
1289 2069 1629 2160 liberale,
1664 2067 1886 2170 proiit
1922 1999 2388 2144 simillimum
2473 2085 2477 2093 '

191 2195 281 2240 ae
305 2166 659 2241 seribere.
696 2167 973 2242 Saltem
1013 2195 1161 2242 non
1196 2167 1690 2258 esseservile',
1727 2171 1790 2246 si
1829 2169 1953 2242 fiat
2001 2170 2389 2243 recreatio·
2435 2231 2438 2238 .

192 2265 313 2338 nis
360 2270 583 2340 eausa
615 2321 635 2351 ,
683 2267 1088 2342 admittunt
1128 2270 1330 2342 Azor
1368 2268 1552 2365 Reg.
1582 2267 1735 2342 Fill.
1785 2283 1913 2344 etc.
1967 2269 2162 2363 apud
2191 2268 2390 2345 Bon.¹

201 2363 408 2463 Disp.
447 2365 520 2439 5.
553 2393 623 2464 q.
653 2391 843 2462 unp.
873 2391 941 2439 2.
969 2393 1046 2436 n.
1081 2368 1202 2440 25.
1226 2365 1437 2440 Hane
1465 2366 1903 2438 sententiam
1936 2365 2138 2462 Spo'r.
2171 2392 2241 2435 n.
2265 2366 2389 2460 45.

204 2476 414 2544 vocat
431 2461 1127 2564 probabilissimum.
1143 2464 1466 2537 Secunda
1484 2473 1725 2537 tamen
1740 2464 2208 2548 communior
2222 2489 2295 2536 se
2305 2491 2390 2536 n·-

196 2562 427 2634 tentia
453 2564 837 2660 tenet,-p'in
848 2588 1014 2661 gere
1031 2588 1186 2637 esse
1213 2589 1398 2661 opus
1424 2562 1687 2638 servile
1711 2618 1729 2648 ‚
1760 2564 1931 2662 quia
1964 2589 2116 2634 non
2153 2575 2391 2660 potest

194 2658 355 2736 dici
377 2663 568 2734 aetio
588 2659 937 2751 liberalis,
953 2685 1123 2734 eum
1143 2688 1292 2733 non
1305 2660 1563 2734 tendat
1578 2661 1673 2733 ad
1691 2675 2012 2733 mentem
2025 2661 2391 2733 instruen-

190 2757 376 2852 dam
400 2814 419 2844 ‚
454 2774 541 2832 ut
574 2759 815 2832 tendit
857 2761 1219 2860 scriptura
1247 2816 1267 2849 ,
1297 2758 1431 2832 sed
1467 2757 1713 2832 solinu
1750 2760 1846 2831 ad
1882 2758 2396 2832 assimilandas

190 2854 558 2955 imagines
615 2883 891 2932 rerum.
958 2854 1245 2938 Deinde
1272 2910 1293 2942 ‚
1349 2859 1522 2957 quia
1575 2861 1877 2958 pingere
1921 2855 2394 2932 simillimum

190 2970 307 3029 est
337 2982 426 3029 ac
460 2956 807 3056 sculpere
837 3012 857 3046 ‚
891 2970 966 3029 et
1011 2984 1149 3030 acu
1187 2955 1618 3056 depingere,
1669 2983 1833 3056 quae
1869 2981 1957 3030 ex
2004 2959 2388 3034 communi

194 3068 384 3142 sunt
413 3055 728 3146 servilia.
780 3057 892 3129 Ita
920 3053 1139 3128 Salm.
1181 3079 1256 3129 n.
1314 3054 1690 3132 238.·cum
1745 3053 1901 3153 Caj.
1951 3052 2151 3127 Suar.
2207 3054 2384 3127 Pal.

199 3150 480 3226 Sanch.
513 3169 582 3225 et
612 3152 797 3225 aliis.
1936 3217 1940 3222 .
2368 3159 2377 3168 '

305 3250 441 3326 His
486 3265 737 3324 tamen
798 3269 955 3326 n‘on
995 3249 1459 3326 obstantibus
1502 3307 1520 3338 ,
1552 3250 1801 3349 Lagrm.
1835 3266 2032 3324 tract.
2074 3278 2145 3351 7.
2205 3277 2267 3324 c.
2313 3278 2383 3324 2.
2501 3299 2510 3326 t

206 3372 289 3422 n.
322 3348 394 3420 3.
434 3349 612 3430 Viro
641 3377 710 3449 q.
734 3350 805 3425 6.
837 3362 930 3421 A.
962 3378 1029 3423 2.
1055 3376 1128 3424 n.
1165 3351 1239 3443 4.
1261 3350 1567 3442 Elbeln.
1602 3351 1769 3447 395.
1797 3351 2094 3424 Holzm.
2123 3375 2196 3422 n.
2220 3351 2385 3445 541.
2424 3370 2437 3401 -·

203 3445 441 3521 Bone.
473 3446 569 3520 ib.
600 3475 670 3547 q.
705 3451 777 3542 4.
809 3448 1060 3521 Anacl.
1097 3463 1298 3519 tract.
1346 3445 1457 3521 ἰο.
1490 3473 1559 3545 q.
1606 3474 1671 3519 2.
1710 3448 1958 3521 Tam‘b.
1997 3448 2043 3519 l.
2088 3450 2158 3540 4:
2199 3476 2275 3520 c.·
2311 3449 2383 3520 3.

201 3543 277 3641 §.
328 3570 388 3617 1.
421 3571 496 3619 n.
532 3547 606 3630 8,.
637 3571 795 3630 cum
832 3545 932 3618 Sa
961 3605 983 3634 ,
1023 3546 1254 3619 Pelliz
1279 3562 1352 3617 et
1375 3547 1534 3618 Pal.
1574 3545 1973 3620 admittunt
1999 3602 2017 3633 ‚
2069 3546 2398 3668 primam

205 3645 659 3716 sententiam
697 3669 853 3717 esse
895 3643 1389 3743 probabilem,
1430 3642 1655 3716 modi)
1685 3641 1760 3714 id
1793 3647 1920 3718 fiat
1944 3647 2100 3717 sine
2128 3669 2396 3740 magno

208 3756 572 3842 apparatu
608 3798 624 3823 ‚
671 3742 956 3817 seilicet
996 3742 1283 3817 colores
1324 3742 1751 3827 miscendo,
1794 3742 2083 3815 tabulas
2137 3742 2391 3815 dolan-

202 3838 309 3916 do
349 3894 371 3926 ,
409 3855 551 3928 etc.
585 3841 795 3913 Ratio
829 3899 846 3930 ‚
882 3842 1054 3941 quia
1091 3842 1393 3941 pingere
1417 3897 1436 3927 ‚
1470 3840 1643 3915 licet
1669 3843 1992 3940 requirat
2020 3842 2393 3937 operatio-

208 3964 392 4015 nem
445 3940 901 4014 materialem
930 3995 948 4025 ,
989 3966 1138 4013 non
1195 3940 1501 4039 videtur⁸
1538 3953 1777 4012 tamen
1833 3965 1968 4040 pro
2028 3937 2131 4011 rie
2183 3959 2395 4038 posse

212 4036 372 4110 dici
425 4041 619 4112 actio
679 4038 962 4112 serv-ilis
999 4093 1018 4126 ,
1077 4036 1229 4111 ime)
1262 4038 1506 4137 potins
1540 4038 1854 4111 dicenda
1891 3967 2176 4109 vigetur
2203 4035 2394 4112 libe-

206 4135 399 4224 talis
431 4164 452 4210 ε
483 4162 654 4216 nam
685 4192 711 4242 ἱ
739 4138 936 4214 sicut
968 4138 1332 4238 scriptura
1358 4138 1703 4238 exprimit
1731 4150 2135 4238 conceptus
2167 4137 2396 4212 inter·-

1686 3173 1692 3182 ρ
