2934 4734
553 248 690 326 556
837 248 984 316 m..
1006 248 1122 316 m.
1142 248 1359 320 rma.
1378 247 1591 324 mne
1610 237 1896 342 Septimo
1910 248 2234 341 rmoepto
2246 246 2475 318 nee-1.

552 359 781 433 debet
815 377 969 433 esse
998 360 1325 435 conditio
1362 361 1660 438 Domini
1707 360 1906 460 priiis
1942 361 2406 460 possidentis.
2445 363 2570 435 An
2600 388 2734 436 auo

558 467 707 531 tem
733 514 757 546 ,
783 463 1144 532 transacta
1190 456 1616 560 hujusmodi
1670 461 2095 533 necessit-ate
2118 517 2137 552 ,
2164 459 2458 533 debitor
2489 475 2736 532 tenea-

558 565 682 629 tur
712 556 809 628 ad
848 559 1431 632 restitutionem?
1465 553 1859 656 Distinguit
1894 555 2105 630 Less.
2149 561 2281 631 loc.
2315 559 2432 631 cit.
2473 585 2551 628 n.
2589 562 2637 650 4
2669 565 2740 631 et

558 655 662 727 ait
688 710 707 740 ,
744 655 942 756 quod
977 656 1036 729 si
1076 657 1433 752 restitutio
1488 653 1893 731 debebatur
1938 682 2027 729 ex
2070 671 2459 730 contractu
2488 711 2511 741 ,
2563 669 2737 734 tunc

559 752 862 852 quande
885 781 1021 854 per
1046 752 1253 828 illam
1278 756 1689 828 dominium
1712 757 1813 829 rei
1857 759 2008 853 jam
2021 753 2460 827 translatum
2504 753 2743 827 fuerat

557 851 635 923 in
689 847 1131 941 debitorem,
1185 852 1380 927 certe
1412 853 1675 927 debeat
1710 852 2166 926 tantumdem
2195 852 2539 937 restitui:
2575 853 2744 951 quia

557 963 741 1023 tunc
760 950 1046 1024 debitor
1066 956 1633 1054 consumpsitqu
1644 951 1743 1024 od
1761 966 1916 1025 erat
1934 978 2065 1046 suu
2079 949 2385 1044 m‚unde
2397 949 2743 1023 debitum

555 1064 972 1147 perseverat
994 1073 1016 1146 ;
1058 1050 1118 1121 si
1158 1049 1325 1123 verb
1363 1077 1473 1123 res
1514 1078 1660 1146 non
1703 1047 1939 1122 fuerat
1978 1047 2328 1146 translata
2367 1050 2449 1120 in
2505 1048 2745 1120 domi·

554 1146 767 1244 nium
804 1141 1143 1234 alterins]
1183 1164 1262 1220 ut
1300 1143 1376 1220 in
1418 1143 1755 1248 deposito
1784 1204 1808 1236 ‚
1841 1148 2167 1247 precario
2199 1162 2339 1226 etc.
2377 1160 2579 1219 tunc
2616 1146 2744 1218 ad-

558 1242 711 1318 him
742 1244 1128 1346 probabile
1154 1271 1307 1318 esse
1340 1241 1525 1319 dicit
1547 1243 1755 1338 Less.
1789 1272 1946 1319 cum
1968 1245 2064 1319 P.
2099 1245 2409 1317 Nar-arr.
2436 1270 2606 1315 non
2637 1258 2738 1315 te-

554 1337 719 1414 neri
758 1341 1166 1418 debitorem
1219 1343 1312 1416 ad
1348 1345 1917 1420 restitutionem.
1951 1343 2026 1416 Si
2065 1357 2310 1432 autem
2361 1342 2734 1416 restitutio

557 1438 895 1513 facienda
930 1456 1090 1513 erat
1125 1467 1211 1514 ex
1250 1442 1521 1517 delicto
1549 1500 1568 1534 ,
1591 1439 1892 1534 ,Lesst'us
1936 1467 2011 1515 n.
2048 1441 2092 1514 5
2133 1441 2311 1522 dicit
2348 1438 2745 1539 probabile

558 1533 714 1610 esse
746 1537 990 1612 adhinc
1021 1566 1192 1613 cum
1223 1540 1479 1616 eodem
1515 1541 1608 1632 R.
1644 1535 1945 1632 Navem
1977 1564 2129 1613 non
2163 1565 2317 1614 esse
2353 1538 2744 1637 obligatio-

554 1660 731 1709 nem
797 1637 1230 1711 restituendi
1276 1665 1294 1725 ;
1361 1639 1492 1712 sed
1554 1633 2011 1741 probabilius
2073 1635 2274 1710 recte
2340 1637 2513 1736 ipse
2582 1661 2747 1709 cum

557 1733 766 1806 Scoto
796 1793 813 1819 ‚
849 1735 1055 1810 Rich.
1086 1737 1347 1809 Palud.
1379 1735 1570 1838 Sylm
1670 1749 1821 1809 utat
1856 1737 2394 1809 restitutionem
2433 1759 2600 1808 esse
2639 1734 2750 1804 fa·-

559 1829 925 1906 ciendam.
955 1836 1048 1908 At
1079 1836 1247 1908 vide
1280 1835 1474 1909 dicta
1498 1851 1580 1910 n:
1606 1765 1770 1909 gno.
1871 1858 2031 1905 uoer·
2070 1834 2205 1907 IV.
2241 1831 2374 1906 ubi
2405 1830 2751 1904 distinxi-

494 1967 501 1974 ·
558 1955 727 2004 mus
762 1955 1157 2032 pauperem
1186 1934 1265 2006 in
1290 1960 1390 2022 re,
1428 1927 1606 2014 etin
1635 1923 1788 2036 spe.
1856 1930 1907 2003 d
1935 1946 2180 2004 autem
2207 1929 2422 2031 quod
2453 1929 2753 2004 licitum

558 2043 673 2102 est
702 2031 988 2104 auferre
1033 2057 1169 2130 pro
1213 2033 1639 2130 necessitate
1669 2032 1961 2129 propria
1984 2088 2003 2116 ,
2039 2027 2221 2103 licet
2257 2041 2565 2129 q‘uoque
2617 2053 2750 2127 pro

560 2129 990 2199 necessitate
1044 2151 1348 2201 suorum
1381 2185 1399 2219 ,
1453 2125 2034 2229 nempe'Uxoris
2070 2185 2089 2215 ‚
2145 2128 2561 2199 Parentum
2597 2179 2624 2212 ‚
2690 2140 2752 2198 et

560 2223 925 2297 Filiorum
962 2226 1119 2316 3112
1148 2226 1351 2301 Less,
1387 2232 1590 2322 n.‚14
1619 2252 1774 2299 cum
1811 2228 1958 2297 Sot.
1996 2225 2177 2323 Lop.
2214 2239 2287 2297 et
2335 2226 2412 2295 T
2402 2225 2573 2299 olet.
2633 2223 2759 2325 qui

564 2321 891 2395 admittit
928 2326 1144 2396 etiam
1187 2347 1321 2423 pro
1366 2328 1795 2399 necessitate
1826 2324 2198 2395 Fratrum.
2387 2415 2394 2420 .
2535 2390 2546 2402 ,

444 2451 549 2507 7⁰²
660 2422 747 2493 In
780 2423 976 2519 gravi
1044 2437 1286 2495 autem
1332 2423 1795 2511 necessitate,
1827 2419 2040 2521 plura
2094 2421 2231 2492 alia
2287 2415 2745 2516 distinguere

562 2534 893 2617 oportet,
919 2534 994 2591 et
1025 2519 1424 2593 dicendum
1451 2525 1508 2595 1.
1543 2519 1802 2613 Quod,
1839 2522 1896 2592 si
1934 2516 2134 2616 solus
2172 2518 2472 2590 debitor
2510 2532 2622 2590 est
2672 2518 2747 2589 i'n

562 2619 988 2690 necessitate
1013 2619 1206 2715 gravi
1229 2620 1544 2692 constitu
1557 2636 1668 2691 tus
1690 2675 1708 2708 ‚
1737 2615 1929 2690 certe
1947 2620 2171 2718 possit
2197 2618 2745 2689 restitutionem

561 2711 865 2787 differre
896 2771 915 2790 .
954 2715 1255 2816 quand&
1289 2716 1764 2810 debitum-est
1802 2741 1887 2788 ex
1920 2728 2298 2789 contractu
2323 2770 2346 2797 ,
2389 2728 2475 2786 ut
2521 2715 2754 2786 faten-

563 2823 688 2885 tur
741 2839 997 2886 omnes
1040 2814 1241 2915 apud
1301 2814 1525 2887 Crot‘x
1560 2816 1677 2888 lib.
1743 2840 1783 2886 2
1836 2842 1913 2911 p.
1962 2839 2006 2885 2
2046 2838 2114 2884 n.
2153 2815 2315 2906 430.
2352 2811 2432 2883 Si
2461 2812 2640 2885 vero
2669 2837 2748 2886 ex

568 2908 842 2984 delicto
873 2970 895 3000 ,
947 2926 1219 3016 negant
1264 2939 1478 3013 posse
1543 2911 1816 2985 differri
1875 2913 2416 2983 restitutionem
2482 2909 2750 3000 Solus,

569 3008 759 3079 Mol.
802 3024 932 3081 etc.
961 3010 1049 3084 ib.
1088 3010 1231 3083 Sed
1276 3011 1768 3084 communiter
1805 3010 2168 3081 affirmant
2202 3009 2374 3079 Pal.
2405 3008 2549 3082 loc.
2581 3037 2650 3082 c.
2682 3033 2751 3081 n.

565 3108 616 3199 4
655 3104 875 3178 Salm.
904 3133 978 3183 n.
1017 3127 1183 3208 27‘2.
1220 3105 1296 3180 S.
1326 3109 1673 3202 Antonin.
1691 3134 1772 3205 p.
1807 3133 1850 3179 2
1884 3108 1984 3179 tit.
2023 3133 2062 3177 2
2088 3134 2151 3179 c.
2192 3109 2261 3179 8.
2292 3105 2711 3205 §.Quidam
2734 3158 2764 3189 ,

567 3219 643 3273 et
696 3203 912 3277 Croix
967 3199 1220 3277 codam
1272 3205 1426 3278 loco
1489 3229 1643 3279 cum
1701 3201 1893 3302 Lago
1920 3261 1940 3295 ,
1972 3199 2182 3276 Scoto
2214 3258 2232 3289 ,
2274 3203 2480 3296 Νᾳνξ
2532 3206 2756 3278 Azor.

564 3297 751 3400 Sylv.
806 3301 1154 3399 Larman.
1211 3302 1433 3396 Quod
1489 3304 1549 3375 si
1596 3307 1984 3375 necessitas
2029 3300 2562 3401 praevideretur
2602 3311 2755 3401 p'er·

564 3395 786 3498 pet'ua
814 3455 831 3483 ‚
858 3399 936 3470 in
965 3425 1050 3472 eo
1083 3427 1250 3474 casu
1286 3414 1496 3500 putat
1529 3400 1743 3473 Croix
1774 3427 1847 3473 n.
1875 3399 2044 3495 431.
2072 3397 2492 3473 debitorem
2524 3398 2763 3472 teneri·

566 3499 947 3570 restituere
996 3497 1253 3570 saliem
1286 3499 1585 3572 'diversis
1626 3498 1906 3570 vicibus
1950 3498 2379 3599 parcissime
2418 3497 2757 3571 vivendo.

569 3596 765 3668 citat
793 3610 1037 3668 autem
1065 3595 1326 3669 ihillls.
1352 3600 1481 3697 qui
1513 3589 1893 3680 dicineum
1924 3609 2127 3695 po'sse
2166 3597 2504 3670 excusari
2536 3599 2754 3670 etiam

566 3691 648 3760 in
690 3687 1129 3791 perpetuum
1158 3751 1182 3787 ‚n
1213 3696 1272 3768 si
1307 3695 1664 3768 damn'um
1702 3693 2172 3770 subeundum
2200 3698 2240 3767 a
2278 3694 2624 3768 debitore
2655 3720 2759 3766 es·

574 3802 686 3858 ‚set
721 3789 1143 3864 notabiliter
1180 3803 1417 3893 majus
1449 3792 1721 3874 damno
1754 3792 2160 3868 creditoris.
2201 3793 2304 3867 Et
2348 3791 2555 3865 idem
2586 3818 2761 3864 sen-

569 3884 663 3953 tit
692 3883 911 3982 Lago.
948 3890 1059 3959 D:
1084 3916 1167 3962 21
1215 3918 1290 3966 n.
1330 3918 1408 3976 21
1454 3895 1582 3993 qui
1612 3889 1865 3966 subdit
1894 3906 2134 3963 tamen
2174 3918 2365 3963 num.
2398 3916 2523 3964 22.
2554 3888 2756 3988 quod

576 3978 673 4050 ad
706 3988 1208 4061 excusandum
1244 3988 1651 4064 debitorem
1690 4015 1777 4061 ex
1830 4003 2210 4062 contractu
2248 4045 2269 4079 ‚
2338 3988 2656 4062 deberet
2702 3990 2756 4059 is

569 4076 820 4153 subire
859 4081 1213 4176 damnum
1248 4086 1483 4190 duplo
1507 4081 1859 4168 excedens
1901 4086 2282 4182 debitum3
2317 4113 2407 4162 ex
2441 4086 2755 4175 delicto,
