<?xml version="1.0" encoding="UTF-8"?>
<!DOCTYPE html PUBLIC "-//W3C//DTD XHTML 1.0 Transitional//EN"
    "http://www.w3.org/TR/xhtml1/DTD/xhtml1-transitional.dtd">
<html xmlns="http://www.w3.org/1999/xhtml" xml:lang="en" lang="en">
 <head>
  <title>
</title>
<meta http-equiv="Content-Type" content="text/html;charset=utf-8" />
  <meta name='ocr-system' content='tesseract 3.04.00' />
  <meta name='ocr-capabilities' content='ocr_page ocr_carea ocr_par ocr_line ocrx_word'/>
</head>
<body>
  <div class='ocr_page' id='page_1' title='image "./theologiamorali09ligugoog_0387.png"; bbox 0 0 2934 4734; ppageno 0'>
   <div class='ocr_carea' id='block_1_1' title="bbox 886 229 2439 367">
    <p class='ocr_par' dir='ltr' id='par_1_1' title="bbox 886 229 2439 367">
     <span class='ocr_line' id='line_1_1' title="bbox 886 229 2439 367; baseline 0.001 -26"><span class='ocrx_word' id='word_1_1' title='bbox 886 273 1049 366; x_wconf 78' lang='lat' dir='ltr'>Cap.</span> <span class='ocrx_word' id='word_1_2' title='bbox 1082 275 1137 340; x_wconf 89' lang='lat'>1.</span> <span class='ocrx_word' id='word_1_3' title='bbox 1173 275 1347 345; x_wconf 74' lang='lat' dir='ltr'>nuh.</span> <span class='ocrx_word' id='word_1_4' title='bbox 1375 276 1432 340; x_wconf 90' lang='lat'>1.</span> <span class='ocrx_word' id='word_1_5' title='bbox 1470 276 1568 341; x_wconf 75' lang='lat' dir='ltr'>De</span> <span class='ocrx_word' id='word_1_6' title='bbox 1602 274 1823 342; x_wconf 76' lang='lat' dir='ltr'>Furto.</span> <span class='ocrx_word' id='word_1_7' title='bbox 2299 229 2439 367; x_wconf 63' lang='lat'>⁸3377</span> 
     </span>
    </p>
   </div>
   <div class='ocr_carea' id='block_1_2' title="bbox 250 377 2566 4227">
    <p class='ocr_par' dir='ltr' id='par_1_2' title="bbox 262 377 2444 978">
     <span class='ocr_line' id='line_1_2' title="bbox 264 377 2441 481; baseline 0.004 -29"><span class='ocrx_word' id='word_1_8' title='bbox 264 380 761 481; x_wconf 67' lang='lat' dir='ltr'>QuJIIAnte</span> <span class='ocrx_word' id='word_1_9' title='bbox 780 383 1210 459; x_wconf 77' lang='lat' dir='ltr'>divisionem</span> <span class='ocrx_word' id='word_1_10' title='bbox 1231 385 1603 460; x_wconf 87' lang='lat' dir='ltr'>bonorum</span> <span class='ocrx_word' id='word_1_11' title='bbox 1619 388 1866 481; x_wconf 48' lang='lat' dir='ltr'>¹omnia</span> <span class='ocrx_word' id='word_1_12' title='bbox 1882 399 2090 458; x_wconf 88' lang='lat' dir='ltr'>erant</span> <span class='ocrx_word' id='word_1_13' title='bbox 2114 377 2441 461; x_wconf 72' lang='lat' dir='ltr'>eommu-</span> 
     </span>
     <span class='ocr_line' id='line_1_3' title="bbox 262 481 2434 584; baseline 0.004 -34"><span class='ocrx_word' id='word_1_14' title='bbox 262 481 391 553; x_wconf 85' lang='lat' dir='ltr'>nia</span> <span class='ocrx_word' id='word_1_15' title='bbox 418 500 496 558; x_wconf 92' lang='lat' dir='ltr'>et</span> <span class='ocrx_word' id='word_1_16' title='bbox 522 486 836 582; x_wconf 88' lang='lat' dir='ltr'>quisque</span> <span class='ocrx_word' id='word_1_17' title='bbox 862 500 1144 578; x_wconf 85' lang='lat' dir='ltr'>poterat</span> <span class='ocrx_word' id='word_1_18' title='bbox 1156 510 1241 557; x_wconf 84' lang='lat' dir='ltr'>ex</span> <span class='ocrx_word' id='word_1_19' title='bbox 1265 487 1367 557; x_wconf 88' lang='lat' dir='ltr'>eis</span> <span class='ocrx_word' id='word_1_20' title='bbox 1387 487 1718 584; x_wconf 85' lang='lat' dir='ltr'>accipere</span> <span class='ocrx_word' id='word_1_21' title='bbox 1741 485 1881 557; x_wconf 79' lang='lat' dir='ltr'>sibi</span> <span class='ocrx_word' id='word_1_22' title='bbox 1920 488 2434 570; x_wconf 84' lang='lat' dir='ltr'>necessarium,</span> 
     </span>
     <span class='ocr_line' id='line_1_4' title="bbox 267 582 2443 682; baseline 0.002 -32"><span class='ocrx_word' id='word_1_23' title='bbox 267 582 697 654; x_wconf 81' lang='lat' dir='ltr'>sed·nnllu·s</span> <span class='ocrx_word' id='word_1_24' title='bbox 738 583 1120 655; x_wconf 82' lang='lat' dir='ltr'>tenebatur</span> <span class='ocrx_word' id='word_1_25' title='bbox 1145 584 1288 682; x_wconf 87' lang='lat' dir='ltr'>ipsi</span> <span class='ocrx_word' id='word_1_26' title='bbox 1321 609 1407 656; x_wconf 87' lang='lat' dir='ltr'>ex</span> <span class='ocrx_word' id='word_1_27' title='bbox 1446 585 1716 680; x_wconf 78' lang='lat' dir='ltr'>justitia</span> <span class='ocrx_word' id='word_1_28' title='bbox 1750 582 1947 657; x_wconf 65' lang='lat' dir='ltr'>dare„</span> <span class='ocrx_word' id='word_1_29' title='bbox 1964 584 2169 655; x_wconf 89' lang='lat' dir='ltr'>Idem</span> <span class='ocrx_word' id='word_1_30' title='bbox 2199 583 2443 657; x_wconf 86' lang='lat' dir='ltr'>dicen-</span> 
     </span>
     <span class='ocr_line' id='line_1_5' title="bbox 276 677 2440 765; baseline 0.003 -18"><span class='ocrx_word' id='word_1_31' title='bbox 276 677 458 753; x_wconf 88' lang='lat' dir='ltr'>dum</span> <span class='ocrx_word' id='word_1_32' title='bbox 506 681 587 751; x_wconf 91' lang='lat' dir='ltr'>in</span> <span class='ocrx_word' id='word_1_33' title='bbox 632 707 803 753; x_wconf 78' lang='lat' dir='ltr'>casu</span> <span class='ocrx_word' id='word_1_34' title='bbox 854 699 1196 755; x_wconf 82' lang='lat' dir='ltr'>extremae</span> <span class='ocrx_word' id='word_1_35' title='bbox 1231 683 1679 754; x_wconf 82' lang='lat' dir='ltr'><strong>necessitatis</strong></span> <span class='ocrx_word' id='word_1_36' title='bbox 1713 738 1729 765; x_wconf 88' lang='lat'>‚</span> <span class='ocrx_word' id='word_1_37' title='bbox 1775 709 1946 755; x_wconf 87' lang='lat' dir='ltr'>cum</span> <span class='ocrx_word' id='word_1_38' title='bbox 1976 684 2223 754; x_wconf 76' lang='lat' dir='ltr'>omnia</span> <span class='ocrx_word' id='word_1_39' title='bbox 2261 698 2440 754; x_wconf 83' lang='lat' dir='ltr'>tunc</span> 
     </span>
     <span class='ocr_line' id='line_1_6' title="bbox 272 777 2443 881; baseline 0.002 -33"><span class='ocrx_word' id='word_1_40' title='bbox 272 777 459 851; x_wconf 88' lang='lat' dir='ltr'>fiant</span> <span class='ocrx_word' id='word_1_41' title='bbox 490 783 912 852; x_wconf 85' lang='lat' dir='ltr'>eommunia</span> <span class='ocrx_word' id='word_1_42' title='bbox 936 839 957 867; x_wconf 87' lang='lat'><em>‚</em></span> <span class='ocrx_word' id='word_1_43' title='bbox 995 795 1235 877; x_wconf 87' lang='lat' dir='ltr'>potest</span> <span class='ocrx_word' id='word_1_44' title='bbox 1264 806 1548 881; x_wconf 78' lang='lat' dir='ltr'><strong>pauper</strong></span> <span class='ocrx_word' id='word_1_45' title='bbox 1576 783 1906 879; x_wconf 83' lang='lat' dir='ltr'>accipere</span> <span class='ocrx_word' id='word_1_46' title='bbox 1934 781 2129 852; x_wconf 85' lang='lat' dir='ltr'>bona</span> <span class='ocrx_word' id='word_1_47' title='bbox 2167 781 2401 852; x_wconf 83' lang='lat' dir='ltr'>divitis</span> <span class='ocrx_word' id='word_1_48' title='bbox 2421 838 2443 865; x_wconf 88' lang='lat'><em>,</em></span> 
     </span>
     <span class='ocr_line' id='line_1_7' title="bbox 270 877 2444 978; baseline 0.002 -33"><span class='ocrx_word' id='word_1_49' title='bbox 270 878 410 949; x_wconf 87' lang='lat' dir='ltr'>sed</span> <span class='ocrx_word' id='word_1_50' title='bbox 438 877 640 950; x_wconf 86' lang='lat' dir='ltr'>dives</span> <span class='ocrx_word' id='word_1_51' title='bbox 665 904 814 950; x_wconf 85' lang='lat' dir='ltr'>non</span> <span class='ocrx_word' id='word_1_52' title='bbox 854 894 1146 961; x_wconf 81' lang='lat' dir='ltr'>tenetur</span> <span class='ocrx_word' id='word_1_53' title='bbox 1182 905 1274 951; x_wconf 75' lang='lat' dir='ltr'>ea</span> <span class='ocrx_word' id='word_1_54' title='bbox 1313 879 1486 951; x_wconf 88' lang='lat' dir='ltr'>dare</span> <span class='ocrx_word' id='word_1_55' title='bbox 1525 905 1610 951; x_wconf 87' lang='lat' dir='ltr'>ex</span> <span class='ocrx_word' id='word_1_56' title='bbox 1647 879 1939 978; x_wconf 82' lang='lat' dir='ltr'>justitia.</span> <span class='ocrx_word' id='word_1_57' title='bbox 1976 878 2159 951; x_wconf 89' lang='lat' dir='ltr'>Cum</span> <span class='ocrx_word' id='word_1_58' title='bbox 2199 888 2444 950; x_wconf 74' lang='lat' dir='ltr'>autem</span> 
     </span>
    </p>

    <p class='ocr_par' dir='ltr' id='par_1_3' title="bbox 270 975 2448 1342">
     <span class='ocr_line' id='line_1_8' title="bbox 330 975 2447 1077; baseline 0.001 -30"><span class='ocrx_word' id='word_1_59' title='bbox 330 1004 563 1074; x_wconf 87' lang='lat' dir='ltr'>auper</span> <span class='ocrx_word' id='word_1_60' title='bbox 591 975 857 1048; x_wconf 85' lang='lat' dir='ltr'>habeat</span> <span class='ocrx_word' id='word_1_61' title='bbox 889 984 1001 1073; x_wconf 79' lang='lat' dir='ltr'>jus</span> <span class='ocrx_word' id='word_1_62' title='bbox 1034 977 1129 1050; x_wconf 89' lang='lat' dir='ltr'>ad</span> <span class='ocrx_word' id='word_1_63' title='bbox 1155 977 1673 1076; x_wconf 85' lang='lat' dir='ltr'>accipiendum</span> <span class='ocrx_word' id='word_1_64' title='bbox 1700 1032 1717 1062; x_wconf 90' lang='lat'><strong>‚</strong></span> <span class='ocrx_word' id='word_1_65' title='bbox 1751 993 2004 1077; x_wconf 88' lang='lat' dir='ltr'>peccat</span> <span class='ocrx_word' id='word_1_66' title='bbox 2032 977 2447 1076; x_wconf 69' lang='lat' dir='ltr'>proculdu-</span> 
     </span>
     <span class='ocr_line' id='line_1_9' title="bbox 270 1002 2448 1176; baseline 0.001 -32"><span class='ocrx_word' id='word_1_67' title='bbox 270 1002 404 1147; x_wconf 60' lang='lat' dir='ltr'>bio</span> <span class='ocrx_word' id='word_1_68' title='bbox 439 1075 638 1146; x_wconf 87' lang='lat' dir='ltr'>dives</span> <span class='ocrx_word' id='word_1_69' title='bbox 671 1081 924 1147; x_wconf 78' lang='lat' dir='ltr'>contra</span> <span class='ocrx_word' id='word_1_70' title='bbox 963 1077 1311 1174; x_wconf 81' lang='lat' dir='ltr'>justitiam</span> <span class='ocrx_word' id='word_1_71' title='bbox 1339 1078 1357 1161; x_wconf 64' lang='lat'>,&#39;</span> <span class='ocrx_word' id='word_1_72' title='bbox 1395 1076 1456 1149; x_wconf 84' lang='lat' dir='ltr'>si</span> <span class='ocrx_word' id='word_1_73' title='bbox 1488 1077 1705 1149; x_wconf 78' lang='lat' dir='ltr'>illum</span> <span class='ocrx_word' id='word_1_74' title='bbox 1753 1075 2104 1176; x_wconf 86' lang='lat' dir='ltr'>impediat</span> <span class='ocrx_word' id='word_1_75' title='bbox 2138 1075 2229 1146; x_wconf 86' lang='lat' dir='ltr'>ab</span> <span class='ocrx_word' id='word_1_76' title='bbox 2256 1077 2448 1151; x_wconf 84' lang='lat' dir='ltr'>acci-</span> 
     </span>
     <span class='ocr_line' id='line_1_10' title="bbox 276 1172 2445 1342; baseline 0 -98"><span class='ocrx_word' id='word_1_77' title='bbox 276 1172 600 1342; x_wconf 57' lang='lat' dir='ltr'>piendo,</span> <span class='ocrx_word' id='word_1_78' title='bbox 634 1188 706 1246; x_wconf 85' lang='lat' dir='ltr'>et</span> <span class='ocrx_word' id='word_1_79' title='bbox 769 1187 1060 1246; x_wconf 86' lang='lat' dir='ltr'>tenetur</span> <span class='ocrx_word' id='word_1_80' title='bbox 1095 1172 1189 1245; x_wconf 88' lang='lat' dir='ltr'>ad</span> <span class='ocrx_word' id='word_1_81' title='bbox 1256 1174 1501 1247; x_wconf 86' lang='lat' dir='ltr'>omnia</span> <span class='ocrx_word' id='word_1_82' title='bbox 1551 1173 1858 1261; x_wconf 84' lang='lat' dir='ltr'>damna,</span> <span class='ocrx_word' id='word_1_83' title='bbox 1921 1175 2086 1245; x_wconf 85' lang='lat' dir='ltr'>filiis</span> <span class='ocrx_word' id='word_1_84' title='bbox 2137 1174 2445 1271; x_wconf 85' lang='lat' dir='ltr'>aliisque</span> 
     </span>
    </p>

    <p class='ocr_par' dir='ltr' id='par_1_4' title="bbox 250 1271 2456 1762">
     <span class='ocr_line' id='line_1_11' title="bbox 335 1271 2443 1392; baseline 0 -48"><span class='ocrx_word' id='word_1_85' title='bbox 335 1271 697 1344; x_wconf 83' lang='lat' dir='ltr'>aeredibus</span> <span class='ocrx_word' id='word_1_86' title='bbox 731 1272 1152 1344; x_wconf 85' lang='lat' dir='ltr'>necessariis</span> <span class='ocrx_word' id='word_1_87' title='bbox 1181 1297 1267 1345; x_wconf 80' lang='lat' dir='ltr'>ex</span> <span class='ocrx_word' id='word_1_88' title='bbox 1301 1273 1429 1344; x_wconf 85' lang='lat' dir='ltr'>tali</span> <span class='ocrx_word' id='word_1_89' title='bbox 1458 1274 1936 1392; x_wconf 78' lang='lat' dir='ltr'>impeditione</span> <span class='ocrx_word' id='word_1_90' title='bbox 1962 1272 2443 1347; x_wconf 79' lang='lat' dir='ltr'>obvenientia.</span> 
     </span>
     <span class='ocr_line' id='line_1_12' title="bbox 272 1369 2448 1470; baseline 0.001 -29"><span class='ocrx_word' id='word_1_91' title='bbox 272 1370 354 1441; x_wconf 84' lang='lat' dir='ltr'>Si</span> <span class='ocrx_word' id='word_1_92' title='bbox 404 1369 579 1453; x_wconf 75' lang='lat' dir='ltr'>vero</span> <span class='ocrx_word' id='word_1_93' title='bbox 618 1396 768 1441; x_wconf 87' lang='lat' dir='ltr'>non</span> <span class='ocrx_word' id='word_1_94' title='bbox 801 1371 1157 1469; x_wconf 87' lang='lat' dir='ltr'>impediat</span> <span class='ocrx_word' id='word_1_95' title='bbox 1187 1427 1205 1456; x_wconf 88' lang='lat'>‚</span> <span class='ocrx_word' id='word_1_96' title='bbox 1239 1372 1373 1444; x_wconf 87' lang='lat' dir='ltr'>sed</span> <span class='ocrx_word' id='word_1_97' title='bbox 1417 1386 1707 1443; x_wconf 80' lang='lat' dir='ltr'>tantum</span> <span class='ocrx_word' id='word_1_98' title='bbox 1743 1371 2056 1470; x_wconf 84' lang='lat' dir='ltr'>negligat</span> <span class='ocrx_word' id='word_1_99' title='bbox 2088 1370 2259 1444; x_wconf 87' lang='lat' dir='ltr'>dare</span> <span class='ocrx_word' id='word_1_100' title='bbox 2290 1428 2307 1456; x_wconf 88' lang='lat'>‚</span> <span class='ocrx_word' id='word_1_101' title='bbox 2351 1372 2448 1443; x_wconf 81' lang='lat' dir='ltr'>ad</span> 
     </span>
     <span class='ocr_line' id='line_1_13' title="bbox 250 1464 2456 1569; baseline 0.001 -29"><span class='ocrx_word' id='word_1_102' title='bbox 250 1464 474 1540; x_wconf 78' lang='lat' dir='ltr'>&#39;nihil</span> <span class='ocrx_word' id='word_1_103' title='bbox 506 1472 755 1567; x_wconf 71' lang='lat' dir='ltr'>postea</span> <span class='ocrx_word' id='word_1_104' title='bbox 791 1484 1102 1542; x_wconf 86' lang='lat' dir='ltr'>tenetur.</span> <span class='ocrx_word' id='word_1_105' title='bbox 1136 1469 1359 1544; x_wconf 64' lang='lat' dir='ltr'>Unde</span> <span class='ocrx_word' id='word_1_106' title='bbox 1385 1469 1853 1542; x_wconf 77' lang='lat' dir='ltr'>concluditur</span> <span class='ocrx_word' id='word_1_107' title='bbox 1881 1526 1898 1554; x_wconf 90' lang='lat'>‚</span> <span class='ocrx_word' id='word_1_108' title='bbox 1936 1469 2139 1568; x_wconf 75' lang='lat' dir='ltr'>quod</span> <span class='ocrx_word' id='word_1_109' title='bbox 2167 1497 2456 1569; x_wconf 84' lang='lat' dir='ltr'>pauper</span> 
     </span>
     <span class='ocr_line' id='line_1_14' title="bbox 280 1566 2449 1668; baseline 0 -29"><span class='ocrx_word' id='word_1_110' title='bbox 280 1567 517 1662; x_wconf 79' lang='lat' dir='ltr'><strong>possit</strong></span> <span class='ocrx_word' id='word_1_111' title='bbox 544 1566 731 1666; x_wconf 67' lang='lat' dir='ltr'>juste</span> <span class='ocrx_word' id='word_1_112' title='bbox 757 1567 952 1639; x_wconf 87' lang='lat' dir='ltr'>bona</span> <span class='ocrx_word' id='word_1_113' title='bbox 983 1566 1225 1640; x_wconf 77' lang='lat' dir='ltr'>divitis</span> <span class='ocrx_word' id='word_1_114' title='bbox 1253 1569 1609 1668; x_wconf 87' lang='lat' dir='ltr'>accipere,</span> <span class='ocrx_word' id='word_1_115' title='bbox 1635 1567 1763 1640; x_wconf 84' lang='lat' dir='ltr'>sed</span> <span class='ocrx_word' id='word_1_116' title='bbox 1788 1569 1986 1641; x_wconf 83' lang='lat' dir='ltr'>dives</span> <span class='ocrx_word' id='word_1_117' title='bbox 2017 1595 2171 1640; x_wconf 90' lang='lat' dir='ltr'>non</span> <span class='ocrx_word' id='word_1_118' title='bbox 2201 1586 2449 1640; x_wconf 84' lang='lat' dir='ltr'>tenea-</span> 
     </span>
     <span class='ocr_line' id='line_1_15' title="bbox 274 1666 1176 1762; baseline 0.003 -27"><span class='ocrx_word' id='word_1_119' title='bbox 274 1678 409 1737; x_wconf 88' lang='lat' dir='ltr'>tur</span> <span class='ocrx_word' id='word_1_120' title='bbox 446 1690 527 1735; x_wconf 85' lang='lat' dir='ltr'>ea</span> <span class='ocrx_word' id='word_1_121' title='bbox 558 1691 645 1737; x_wconf 78' lang='lat' dir='ltr'>ex</span> <span class='ocrx_word' id='word_1_122' title='bbox 677 1668 945 1762; x_wconf 68' lang='lat' dir='ltr'>institia</span> <span class='ocrx_word' id='word_1_123' title='bbox 977 1666 1176 1739; x_wconf 84' lang='lat' dir='ltr'>dare.</span> 
     </span>
    </p>

    <p class='ocr_par' dir='ltr' id='par_1_5' title="bbox 271 1761 2526 2821">
     <span class='ocr_line' id='line_1_16' title="bbox 381 1761 2526 1864; baseline -0.001 -30"><span class='ocrx_word' id='word_1_124' title='bbox 381 1761 669 1834; x_wconf 74' lang='lat' dir='ltr'>Ultimo</span> <span class='ocrx_word' id='word_1_125' title='bbox 696 1764 823 1835; x_wconf 19' lang='lat' dir='ltr'>*hic</span> <span class='ocrx_word' id='word_1_126' title='bbox 862 1766 1272 1836; x_wconf 86' lang='lat' dir='ltr'>notandum</span> <span class='ocrx_word' id='word_1_127' title='bbox 1305 1821 1323 1853; x_wconf 88' lang='lat'>,</span> <span class='ocrx_word' id='word_1_128' title='bbox 1365 1763 1570 1864; x_wconf 75' lang='lat' dir='ltr'>quod</span> <span class='ocrx_word' id='word_1_129' title='bbox 1616 1765 1690 1835; x_wconf 89' lang='lat' dir='ltr'>in</span> <span class='ocrx_word' id='word_1_130' title='bbox 1729 1765 1884 1836; x_wconf 85' lang='lat' dir='ltr'>sola</span> <span class='ocrx_word' id='word_1_131' title='bbox 1933 1766 2124 1860; x_wconf 85' lang='lat' dir='ltr'>gravi</span> <span class='ocrx_word' id='word_1_132' title='bbox 2189 1788 2450 1835; x_wconf 78' lang='lat' dir='ltr'>neces·</span> <span class='ocrx_word' id='word_1_133' title='bbox 2520 1828 2526 1832; x_wconf 82' lang='grc'><strong>,</strong></span> 
     </span>
     <span class='ocr_line' id='line_1_17' title="bbox 272 1846 2446 1961; baseline -0.001 -25"><span class='ocrx_word' id='word_1_134' title='bbox 272 1846 496 1937; x_wconf 65' lang='lat' dir='ltr'>ditate</span> <span class='ocrx_word' id='word_1_135' title='bbox 537 1860 1014 1959; x_wconf 69' lang='lat' dir='ltr'>prohibeatur</span> <span class='ocrx_word' id='word_1_136' title='bbox 1062 1867 1431 1961; x_wconf 74' lang='lat' dir='ltr'>surripere</span> <span class='ocrx_word' id='word_1_137' title='bbox 1477 1890 1631 1936; x_wconf 86' lang='lat' dir='ltr'>rem</span> <span class='ocrx_word' id='word_1_138' title='bbox 1688 1863 2001 1934; x_wconf 85' lang='lat' dir='ltr'>alienam</span> <span class='ocrx_word' id='word_1_139' title='bbox 2049 1887 2132 1933; x_wconf 86' lang='lat' dir='ltr'>ex</span> <span class='ocrx_word' id='word_1_140' title='bbox 2164 1889 2446 1959; x_wconf 78' lang='lat' dir='ltr'>propos,</span> 
     </span>
     <span class='ocr_line' id='line_1_18' title="bbox 278 1959 2445 2058; baseline 0.001 -29"><span class='ocrx_word' id='word_1_141' title='bbox 278 1960 526 2031; x_wconf 76' lang='lat' dir='ltr'>damn.</span> <span class='ocrx_word' id='word_1_142' title='bbox 568 1959 665 2032; x_wconf 77' lang='grc'>36</span> <span class='ocrx_word' id='word_1_143' title='bbox 689 1987 857 2031; x_wconf 88' lang='lat' dir='ltr'>mox</span> <span class='ocrx_word' id='word_1_144' title='bbox 894 1967 1112 2058; x_wconf 71' lang='lat' dir='ltr'>supra</span> <span class='ocrx_word' id='word_1_145' title='bbox 1151 1961 1392 2035; x_wconf 80' lang='lat' dir='ltr'>relata.</span> <span class='ocrx_word' id='word_1_146' title='bbox 1424 1963 1721 2058; x_wconf 73' lang='lat' dir='ltr'>Excipit</span> <span class='ocrx_word' id='word_1_147' title='bbox 1752 1964 1825 2032; x_wconf 86' lang='lat' dir='ltr'><em>V</em></span> <span class='ocrx_word' id='word_1_148' title='bbox 1816 1962 1929 2032; x_wconf 67' lang='lat' dir='ltr'>iva</span> <span class='ocrx_word' id='word_1_149' title='bbox 1955 1961 2219 2031; x_wconf 76' lang='lat' dir='ltr'>indict.</span> <span class='ocrx_word' id='word_1_150' title='bbox 2240 1987 2445 2056; x_wconf 79' lang='lat' dir='ltr'>prop.</span> 
     </span>
     <span class='ocr_line' id='line_1_19' title="bbox 274 2056 2455 2159; baseline 0.001 -30"><span class='ocrx_word' id='word_1_151' title='bbox 274 2056 381 2129; x_wconf 82' lang='lat'>36</span> <span class='ocrx_word' id='word_1_152' title='bbox 402 2085 475 2128; x_wconf 85' lang='lat' dir='ltr'>n.</span> <span class='ocrx_word' id='word_1_153' title='bbox 522 2084 602 2129; x_wconf 76' lang='grc' dir='ltr'>ιο</span> <span class='ocrx_word' id='word_1_154' title='bbox 634 2057 934 2157; x_wconf 76' lang='lat' dir='ltr'>quando</span> <span class='ocrx_word' id='word_1_155' title='bbox 969 2085 1246 2159; x_wconf 83' lang='lat' dir='ltr'>pauper</span> <span class='ocrx_word' id='word_1_156' title='bbox 1273 2060 1366 2132; x_wconf 87' lang='lat' dir='ltr'>ad</span> <span class='ocrx_word' id='word_1_157' title='bbox 1417 2060 1800 2132; x_wconf 81' lang='lat' dir='ltr'>levandam</span> <span class='ocrx_word' id='word_1_158' title='bbox 1822 2058 2038 2132; x_wconf 72' lang='lat' dir='ltr'>suam</span> <span class='ocrx_word' id='word_1_159' title='bbox 2066 2057 2455 2131; x_wconf 88' lang='lat' dir='ltr'>nonlevem</span> 
     </span>
     <span class='ocr_line' id='line_1_20' title="bbox 278 2156 2494 2256; baseline 0 -29"><span class='ocrx_word' id='word_1_160' title='bbox 278 2157 657 2228; x_wconf 77' lang='lat' dir='ltr'>miseriam</span> <span class='ocrx_word' id='word_1_161' title='bbox 688 2213 704 2241; x_wconf 92' lang='lat'><strong>‚</strong></span> <span class='ocrx_word' id='word_1_162' title='bbox 744 2160 1082 2255; x_wconf 86' lang='lat' dir='ltr'>quamvis</span> <span class='ocrx_word' id='word_1_163' title='bbox 1116 2185 1262 2228; x_wconf 91' lang='lat' dir='ltr'>non</span> <span class='ocrx_word' id='word_1_164' title='bbox 1297 2174 1693 2231; x_wconf 82' lang='lat' dir='ltr'>extremam</span> <span class='ocrx_word' id='word_1_165' title='bbox 1716 2216 1733 2244; x_wconf 89' lang='lat'>‚</span> <span class='ocrx_word' id='word_1_166' title='bbox 1775 2156 2059 2256; x_wconf 85' lang='lat' dir='ltr'>aliquid</span> <span class='ocrx_word' id='word_1_167' title='bbox 2091 2157 2245 2230; x_wconf 82' lang='lat' dir='ltr'>leve</span> <span class='ocrx_word' id='word_1_168' title='bbox 2268 2182 2454 2228; x_wconf 45' lang='lat' dir='ltr'>‚surh</span> <span class='ocrx_word' id='word_1_169' title='bbox 2489 2230 2494 2238; x_wconf 68' lang='grc'><strong>,</strong></span> 
     </span>
     <span class='ocr_line' id='line_1_21' title="bbox 286 2255 2452 2356; baseline 0 -30"><span class='ocrx_word' id='word_1_170' title='bbox 286 2256 595 2353; x_wconf 64' lang='lat' dir='ltr'>ripen-et,</span> <span class='ocrx_word' id='word_1_171' title='bbox 625 2255 1103 2352; x_wconf 82' lang='lat' dir='ltr'>probabiliter</span> <span class='ocrx_word' id='word_1_172' title='bbox 1124 2257 1527 2356; x_wconf 82' lang='lat' dir='ltr'>judicando</span> <span class='ocrx_word' id='word_1_173' title='bbox 1548 2315 1565 2346; x_wconf 87' lang='lat'>‚</span> <span class='ocrx_word' id='word_1_174' title='bbox 1596 2258 1981 2328; x_wconf 88' lang='lat' dir='ltr'>dominum</span> <span class='ocrx_word' id='word_1_175' title='bbox 2014 2256 2452 2354; x_wconf 79' lang='lat' dir='ltr'>opulentum</span> 
     </span>
     <span class='ocr_line' id='line_1_22' title="bbox 286 2354 2456 2451; baseline 0 -27"><span class='ocrx_word' id='word_1_176' title='bbox 286 2379 376 2424; x_wconf 80' lang='lat' dir='ltr'>ex</span> <span class='ocrx_word' id='word_1_177' title='bbox 410 2354 678 2451; x_wconf 85' lang='lat' dir='ltr'>pietate</span> <span class='ocrx_word' id='word_1_178' title='bbox 727 2380 875 2425; x_wconf 84' lang='lat' dir='ltr'>non</span> <span class='ocrx_word' id='word_1_179' title='bbox 916 2379 1069 2425; x_wconf 85' lang='lat' dir='ltr'>esse</span> <span class='ocrx_word' id='word_1_180' title='bbox 1117 2356 1424 2426; x_wconf 83' lang='lat' dir='ltr'>invitum</span> <span class='ocrx_word' id='word_1_181' title='bbox 1451 2413 1466 2444; x_wconf 89' lang='lat'>‚</span> <span class='ocrx_word' id='word_1_182' title='bbox 1509 2354 1768 2427; x_wconf 81' lang='lat' dir='ltr'>saltem</span> <span class='ocrx_word' id='word_1_183' title='bbox 1864 2355 2056 2444; x_wconf 79' lang='lat' dir='ltr'>uoad</span> <span class='ocrx_word' id='word_1_184' title='bbox 2105 2354 2456 2425; x_wconf 88' lang='lat' dir='ltr'>substan·-</span> 
     </span>
     <span class='ocr_line' id='line_1_23' title="bbox 294 2383 2454 2554; baseline 0 -33"><span class='ocrx_word' id='word_1_185' title='bbox 294 2450 491 2522; x_wconf 80' lang='lat' dir='ltr'>tiam.</span> <span class='ocrx_word' id='word_1_186' title='bbox 533 2450 754 2523; x_wconf 70' lang='lat' dir='ltr'>Recte</span> <span class='ocrx_word' id='word_1_187' title='bbox 779 2466 1025 2524; x_wconf 84' lang='lat' dir='ltr'>tamen</span> <span class='ocrx_word' id='word_1_188' title='bbox 1061 2454 1403 2541; x_wconf 76' lang='lat' dir='ltr'>advertit,</span> <span class='ocrx_word' id='word_1_189' title='bbox 1433 2454 1660 2549; x_wconf 85' lang='lat' dir='ltr'>hujus</span> <span class='ocrx_word' id='word_1_190' title='bbox 1692 2383 2015 2554; x_wconf 61' lang='lat' dir='ltr'>Epilxejae</span> <span class='ocrx_word' id='word_1_191' title='bbox 2049 2478 2265 2523; x_wconf 88' lang='lat' dir='ltr'>usum</span> <span class='ocrx_word' id='word_1_192' title='bbox 2300 2478 2454 2522; x_wconf 89' lang='lat' dir='ltr'>non</span> 
     </span>
     <span class='ocr_line' id='line_1_24' title="bbox 284 2547 2456 2650; baseline 0 -32"><span class='ocrx_word' id='word_1_193' title='bbox 284 2547 560 2621; x_wconf 68' lang='lat' dir='ltr'>debere</span> <span class='ocrx_word' id='word_1_194' title='bbox 605 2575 757 2621; x_wconf 81' lang='lat' dir='ltr'>esse</span> <span class='ocrx_word' id='word_1_195' title='bbox 797 2550 1088 2623; x_wconf 81' lang='lat' dir='ltr'>facilem</span> <span class='ocrx_word' id='word_1_196' title='bbox 1117 2609 1135 2641; x_wconf 88' lang='lat'>,</span> <span class='ocrx_word' id='word_1_197' title='bbox 1188 2578 1326 2622; x_wconf 88' lang='lat' dir='ltr'>nec</span> <span class='ocrx_word' id='word_1_198' title='bbox 1377 2556 1451 2626; x_wconf 87' lang='lat' dir='ltr'>in</span> <span class='ocrx_word' id='word_1_199' title='bbox 1512 2555 1811 2623; x_wconf 75' lang='lat' dir='ltr'>materia</span> <span class='ocrx_word' id='word_1_200' title='bbox 1849 2553 2088 2650; x_wconf 82' lang='lat' dir='ltr'>gravi,</span> <span class='ocrx_word' id='word_1_201' title='bbox 2129 2550 2297 2646; x_wconf 74' lang='lat' dir='ltr'>quia</span> <span class='ocrx_word' id='word_1_202' title='bbox 2331 2550 2456 2619; x_wconf 85' lang='lat' dir='ltr'>di-</span> 
     </span>
     <span class='ocr_line' id='line_1_25' title="bbox 282 2648 2457 2749; baseline 0 -32"><span class='ocrx_word' id='word_1_203' title='bbox 282 2648 580 2725; x_wconf 79' lang='lat' dir='ltr'>vites.in</span> <span class='ocrx_word' id='word_1_204' title='bbox 604 2648 746 2719; x_wconf 89' lang='lat' dir='ltr'>hoc</span> <span class='ocrx_word' id='word_1_205' title='bbox 780 2651 1020 2740; x_wconf 72' lang='lat' dir='ltr'>etiam,</span> <span class='ocrx_word' id='word_1_206' title='bbox 1065 2650 1313 2749; x_wconf 87' lang='lat' dir='ltr'>quoad&#39;</span> <span class='ocrx_word' id='word_1_207' title='bbox 1344 2649 1853 2741; x_wconf 84' lang='lat' dir='ltr'>substantiam,</span> <span class='ocrx_word' id='word_1_208' title='bbox 1909 2663 2081 2721; x_wconf 89' lang='lat' dir='ltr'>sunt</span> <span class='ocrx_word' id='word_1_209' title='bbox 2127 2649 2457 2719; x_wconf 86' lang='lat' dir='ltr'>rationa-</span> 
     </span>
     <span class='ocr_line' id='line_1_26' title="bbox 271 2745 810 2821; baseline 0.017 -10"><span class='ocrx_word' id='word_1_210' title='bbox 271 2745 542 2818; x_wconf 75' lang='lat' dir='ltr'>,biliter</span> <span class='ocrx_word' id='word_1_211' title='bbox 578 2748 810 2821; x_wconf 82' lang='lat' dir='ltr'>inviti.</span> 
     </span>
    </p>

    <p class='ocr_par' dir='ltr' id='par_1_6' title="bbox 280 2843 2566 3415">
     <span class='ocr_line' id='line_1_27' title="bbox 394 2843 2566 2944; baseline 0.002 -34"><span class='ocrx_word' id='word_1_212' title='bbox 394 2873 437 2911; x_wconf 83' lang='lat'>«</span> <span class='ocrx_word' id='word_1_213' title='bbox 488 2843 556 2915; x_wconf 79' lang='lat'>3.</span> <span class='ocrx_word' id='word_1_214' title='bbox 607 2845 760 2917; x_wconf 85' lang='lat' dir='ltr'>Nec</span> <span class='ocrx_word' id='word_1_215' title='bbox 813 2848 988 2918; x_wconf 86' lang='lat' dir='ltr'>item</span> <span class='ocrx_word' id='word_1_216' title='bbox 1039 2847 1369 2933; x_wconf 82' lang='lat' dir='ltr'>furatur,</span> <span class='ocrx_word' id='word_1_217' title='bbox 1406 2846 1534 2944; x_wconf 79' lang='lat' dir='ltr'>qui</span> <span class='ocrx_word' id='word_1_218' title='bbox 1576 2846 1840 2942; x_wconf 84' lang='lat' dir='ltr'>accipit</span> <span class='ocrx_word' id='word_1_219' title='bbox 1884 2846 1958 2914; x_wconf 89' lang='lat' dir='ltr'>in</span> <span class='ocrx_word' id='word_1_220' title='bbox 2018 2868 2566 2942; x_wconf 70' lang='lat' dir='ltr'>compensa-521</span> 
     </span>
     <span class='ocr_line' id='line_1_28' title="bbox 280 2943 2460 3041; baseline 0.001 -28"><span class='ocrx_word' id='word_1_221' title='bbox 280 2974 322 3012; x_wconf 67' lang='grc' dir='ltr'><strong>ι</strong></span> <span class='ocrx_word' id='word_1_222' title='bbox 389 2945 666 3014; x_wconf 85' lang='lat' dir='ltr'>tionem</span> <span class='ocrx_word' id='word_1_223' title='bbox 739 2944 1039 3041; x_wconf 77' lang='lat' dir='ltr'>justam,</span> <span class='ocrx_word' id='word_1_224' title='bbox 1107 2948 1165 3017; x_wconf 90' lang='lat' dir='ltr'>si</span> <span class='ocrx_word' id='word_1_225' title='bbox 1232 2945 1440 3017; x_wconf 82' lang='lat' dir='ltr'>aliter</span> <span class='ocrx_word' id='word_1_226' title='bbox 1506 2944 1643 3016; x_wconf 85' lang='lat' dir='ltr'>sibi</span> <span class='ocrx_word' id='word_1_227' title='bbox 1714 2943 2049 3015; x_wconf 85' lang='lat' dir='ltr'>debitum</span> <span class='ocrx_word' id='word_1_228' title='bbox 2128 2944 2460 3040; x_wconf 85' lang='lat' dir='ltr'>accipere</span> 
     </span>
     <span class='ocr_line' id='line_1_29' title="bbox 286 3039 2459 3142; baseline 0 -30"><span class='ocrx_word' id='word_1_229' title='bbox 286 3066 330 3113; x_wconf 71' lang='lat'>52</span> <span class='ocrx_word' id='word_1_230' title='bbox 389 3055 747 3139; x_wconf 82' lang='lat' dir='ltr'>nequeat,</span> <span class='ocrx_word' id='word_1_231' title='bbox 777 3069 844 3113; x_wconf 84' lang='lat' dir='ltr'>v.</span> <span class='ocrx_word' id='word_1_232' title='bbox 883 3071 988 3142; x_wconf 84' lang='lat' dir='ltr'>gr.</span> <span class='ocrx_word' id='word_1_233' title='bbox 1023 3044 1081 3115; x_wconf 88' lang='lat' dir='ltr'>si</span> <span class='ocrx_word' id='word_1_234' title='bbox 1120 3043 1438 3115; x_wconf 84' lang='lat' dir='ltr'>famulus</span> <span class='ocrx_word' id='word_1_235' title='bbox 1477 3047 1756 3142; x_wconf 79' lang='lat' dir='ltr'>justum</span> <span class='ocrx_word' id='word_1_236' title='bbox 1798 3039 2250 3137; x_wconf 86' lang='lat' dir='ltr'>stipendium</span> <span class='ocrx_word' id='word_1_237' title='bbox 2309 3069 2459 3113; x_wconf 87' lang='lat' dir='ltr'>non</span> 
     </span>
     <span class='ocr_line' id='line_1_30' title="bbox 285 3139 2465 3239; baseline 0.001 -30"><span class='ocrx_word' id='word_1_238' title='bbox 285 3170 331 3209; x_wconf 53' lang='grc' dir='ltr'>ν)</span> <span class='ocrx_word' id='word_1_239' title='bbox 391 3141 625 3238; x_wconf 85' lang='lat' dir='ltr'>possit</span> <span class='ocrx_word' id='word_1_240' title='bbox 670 3140 883 3213; x_wconf 85' lang='lat' dir='ltr'>aliter</span> <span class='ocrx_word' id='word_1_241' title='bbox 933 3142 1259 3214; x_wconf 65' lang='lat' dir='ltr'>obtinere</span> <span class='ocrx_word' id='word_1_242' title='bbox 1291 3197 1308 3226; x_wconf 89' lang='lat'>‚</span> <span class='ocrx_word' id='word_1_243' title='bbox 1365 3141 1481 3212; x_wconf 87' lang='lat' dir='ltr'>vel</span> <span class='ocrx_word' id='word_1_244' title='bbox 1536 3140 1790 3239; x_wconf 77' lang='lat' dir='ltr'>inique</span> <span class='ocrx_word' id='word_1_245' title='bbox 1837 3139 2190 3211; x_wconf 82' lang='lat' dir='ltr'>inductus</span> <span class='ocrx_word' id='word_1_246' title='bbox 2237 3143 2328 3210; x_wconf 79' lang='lat' dir='ltr'>sit</span> <span class='ocrx_word' id='word_1_247' title='bbox 2370 3139 2465 3211; x_wconf 88' lang='lat' dir='ltr'>ad</span> 
     </span>
     <span class='ocr_line' id='line_1_31' title="bbox 288 3238 2482 3340; baseline 0 -32"><span class='ocrx_word' id='word_1_248' title='bbox 288 3269 336 3308; x_wconf 72' lang='lat'>2&gt;</span> <span class='ocrx_word' id='word_1_249' title='bbox 391 3238 860 3311; x_wconf 67' lang='lat' dir='ltr'>serviendum</span> <span class='ocrx_word' id='word_1_250' title='bbox 896 3240 1156 3340; x_wconf 87' lang='lat' dir='ltr'>iniquo</span> <span class='ocrx_word' id='word_1_251' title='bbox 1198 3241 1459 3339; x_wconf 84' lang='lat' dir='ltr'>pretio.</span> <span class='ocrx_word' id='word_1_252' title='bbox 1496 3240 1689 3311; x_wconf 89' lang='lat' dir='ltr'>Vide</span> <span class='ocrx_word' id='word_1_253' title='bbox 1735 3240 1985 3338; x_wconf 82' lang='lat' dir='ltr'>Laym.</span> <span class='ocrx_word' id='word_1_254' title='bbox 2018 3240 2064 3311; x_wconf 91' lang='lat' dir='ltr'>l.</span> <span class='ocrx_word' id='word_1_255' title='bbox 2102 3265 2162 3310; x_wconf 89' lang='lat' dir='ltr'>c.</span> <span class='ocrx_word' id='word_1_256' title='bbox 2205 3256 2277 3310; x_wconf 80' lang='lat' dir='ltr'>et</span> <span class='ocrx_word' id='word_1_257' title='bbox 2315 3240 2482 3337; x_wconf 46' lang='lat' dir='ltr'>Tol.s</span> 
     </span>
     <span class='ocr_line' id='line_1_32' title="bbox 298 3336 846 3415; baseline 0.002 -11"><span class='ocrx_word' id='word_1_258' title='bbox 298 3340 345 3404; x_wconf 70' lang='lat' dir='ltr'>i)</span> <span class='ocrx_word' id='word_1_259' title='bbox 398 3336 444 3406; x_wconf 85' lang='lat' dir='ltr'>l.</span> <span class='ocrx_word' id='word_1_260' title='bbox 480 3338 610 3409; x_wconf 75' lang='lat'>56.</span> <span class='ocrx_word' id='word_1_261' title='bbox 658 3338 766 3415; x_wconf 80' lang='lat'>15.</span> <span class='ocrx_word' id='word_1_262' title='bbox 807 3370 846 3407; x_wconf 68' lang='lat'>&gt;³</span> 
     </span>
    </p>

    <p class='ocr_par' dir='ltr' id='par_1_7' title="bbox 291 3433 2466 3731">
     <span class='ocr_line' id='line_1_33' title="bbox 393 3433 2464 3532; baseline -0.002 -24"><span class='ocrx_word' id='word_1_263' title='bbox 393 3435 584 3508; x_wconf 76' lang='lat' dir='ltr'>Nota</span> <span class='ocrx_word' id='word_1_264' title='bbox 633 3433 877 3532; x_wconf 75' lang='lat' dir='ltr'>quoad</span> <span class='ocrx_word' id='word_1_265' title='bbox 939 3435 1579 3531; x_wconf 74' lang='lat' dir='ltr'>compensationem</span> <span class='ocrx_word' id='word_1_266' title='bbox 1609 3437 1664 3507; x_wconf 90' lang='grc' dir='ltr'>Ι.</span> <span class='ocrx_word' id='word_1_267' title='bbox 1697 3435 1920 3526; x_wconf 86' lang='lat' dir='ltr'>Quod</span> <span class='ocrx_word' id='word_1_268' title='bbox 1964 3436 2464 3532; x_wconf 87' lang='lat' dir='ltr'>compensatio</span> 
     </span>
     <span class='ocr_line' id='line_1_34' title="bbox 291 3532 2466 3635; baseline -0.001 -29"><span class='ocrx_word' id='word_1_269' title='bbox 291 3533 534 3635; x_wconf 84' lang='lat' dir='ltr'>possit</span> <span class='ocrx_word' id='word_1_270' title='bbox 570 3534 730 3629; x_wconf 85' lang='lat' dir='ltr'>fieri</span> <span class='ocrx_word' id='word_1_271' title='bbox 765 3537 984 3606; x_wconf 74' lang='lat' dir='ltr'>etiam</span> <span class='ocrx_word' id='word_1_272' title='bbox 1034 3535 1110 3604; x_wconf 90' lang='lat' dir='ltr'>in</span> <span class='ocrx_word' id='word_1_273' title='bbox 1149 3532 1284 3604; x_wconf 87' lang='lat' dir='ltr'>alia</span> <span class='ocrx_word' id='word_1_274' title='bbox 1325 3536 1567 3632; x_wconf 84' lang='lat' dir='ltr'>specie</span> <span class='ocrx_word' id='word_1_275' title='bbox 1594 3590 1613 3624; x_wconf 85' lang='lat'>,</span> <span class='ocrx_word' id='word_1_276' title='bbox 1650 3535 1711 3605; x_wconf 90' lang='lat' dir='ltr'>si</span> <span class='ocrx_word' id='word_1_277' title='bbox 1746 3561 1896 3606; x_wconf 89' lang='lat' dir='ltr'>non</span> <span class='ocrx_word' id='word_1_278' title='bbox 1932 3535 2168 3632; x_wconf 82' lang='lat' dir='ltr'>possit</span> <span class='ocrx_word' id='word_1_279' title='bbox 2195 3533 2351 3604; x_wconf 88' lang='lat' dir='ltr'>fieri</span> <span class='ocrx_word' id='word_1_280' title='bbox 2384 3534 2466 3603; x_wconf 86' lang='lat' dir='ltr'>in</span> 
     </span>
     <span class='ocr_line' id='line_1_35' title="bbox 292 3631 1528 3731; baseline -0.003 -25"><span class='ocrx_word' id='word_1_281' title='bbox 292 3631 588 3706; x_wconf 82' lang='lat' dir='ltr'>eadem.</span> <span class='ocrx_word' id='word_1_282' title='bbox 629 3632 849 3702; x_wconf 75' lang='lat' dir='ltr'>Croix</span> <span class='ocrx_word' id='word_1_283' title='bbox 884 3635 933 3703; x_wconf 90' lang='lat' dir='ltr'>l.</span> <span class='ocrx_word' id='word_1_284' title='bbox 973 3632 1014 3703; x_wconf 83' lang='lat'>3</span> <span class='ocrx_word' id='word_1_285' title='bbox 1043 3660 1122 3730; x_wconf 78' lang='lat' dir='ltr'>p.</span> <span class='ocrx_word' id='word_1_286' title='bbox 1172 3659 1194 3704; x_wconf 89' lang='lat'>1</span> <span class='ocrx_word' id='word_1_287' title='bbox 1244 3657 1319 3703; x_wconf 84' lang='lat' dir='ltr'>n.</span> <span class='ocrx_word' id='word_1_288' title='bbox 1357 3635 1528 3731; x_wconf 85' lang='lat'><strong>967.</strong></span> 
     </span>
    </p>

    <p class='ocr_par' dir='ltr' id='par_1_8' title="bbox 284 3724 2472 4227">
     <span class='ocr_line' id='line_1_36' title="bbox 398 3724 2472 3829; baseline -0 -27"><span class='ocrx_word' id='word_1_289' title='bbox 398 3729 591 3825; x_wconf 80' lang='lat' dir='ltr'>Nota</span> <span class='ocrx_word' id='word_1_290' title='bbox 643 3729 740 3801; x_wconf 92' lang='grc' dir='ltr'>ΙΙ.</span> <span class='ocrx_word' id='word_1_291' title='bbox 781 3728 1004 3822; x_wconf 82' lang='lat' dir='ltr'>Quod</span> <span class='ocrx_word' id='word_1_292' title='bbox 1030 3734 1531 3827; x_wconf 78' lang='lat' dir='ltr'>compensatio</span> <span class='ocrx_word' id='word_1_293' title='bbox 1564 3728 1993 3829; x_wconf 84' lang='lat' dir='ltr'>regulariter</span> <span class='ocrx_word' id='word_1_294' title='bbox 2027 3728 2173 3827; x_wconf 86' lang='lat' dir='ltr'>peti</span> <span class='ocrx_word' id='word_1_295' title='bbox 2198 3724 2472 3801; x_wconf 38' lang='lat' dir='ltr'>*debeat</span> 
     </span>
     <span class='ocr_line' id='line_1_37' title="bbox 291 3826 2470 3935; baseline -0.001 -35"><span class='ocrx_word' id='word_1_296' title='bbox 291 3854 435 3935; x_wconf 88' lang='lat' dir='ltr'>per</span> <span class='ocrx_word' id='word_1_297' title='bbox 478 3828 887 3927; x_wconf 77' lang='lat' dir='ltr'>judicium3</span> <span class='ocrx_word' id='word_1_298' title='bbox 944 3828 1076 3901; x_wconf 84' lang='lat' dir='ltr'>sed</span> <span class='ocrx_word' id='word_1_299' title='bbox 1128 3827 1275 3900; x_wconf 86' lang='lat' dir='ltr'>hoc</span> <span class='ocrx_word' id='word_1_300' title='bbox 1325 3831 1657 3901; x_wconf 83' lang='lat' dir='ltr'>omittere</span> <span class='ocrx_word' id='word_1_301' title='bbox 1701 3842 1810 3901; x_wconf 86' lang='lat' dir='ltr'>est</span> <span class='ocrx_word' id='word_1_302' title='bbox 1844 3826 2131 3900; x_wconf 74' lang='lat' dir='ltr'>tantum</span> <span class='ocrx_word' id='word_1_303' title='bbox 2163 3826 2470 3923; x_wconf 55' lang='lat' dir='ltr'>⁴veniale</span> 
     </span>
     <span class='ocr_line' id='line_1_38' title="bbox 292 3925 2467 4028; baseline -0.001 -29"><span class='ocrx_word' id='word_1_304' title='bbox 292 3940 730 4028; x_wconf 78' lang='lat' dir='ltr'>peceatum,</span> <span class='ocrx_word' id='word_1_305' title='bbox 782 3953 879 3996; x_wconf 73' lang='lat' dir='ltr'>ex</span> <span class='ocrx_word' id='word_1_306' title='bbox 908 3925 1127 3999; x_wconf 84' lang='lat' dir='ltr'>Salm.</span> <span class='ocrx_word' id='word_1_307' title='bbox 1167 3927 1256 3997; x_wconf 84' lang='lat' dir='ltr'>de</span> <span class='ocrx_word' id='word_1_308' title='bbox 1298 3930 1501 3999; x_wconf 81' lang='lat' dir='ltr'>Rest.</span> <span class='ocrx_word' id='word_1_309' title='bbox 1541 3953 1607 3999; x_wconf 85' lang='lat' dir='ltr'>c.</span> <span class='ocrx_word' id='word_1_310' title='bbox 1659 3955 1683 3999; x_wconf 83' lang='lat'>1</span> <span class='ocrx_word' id='word_1_311' title='bbox 1729 3953 1800 3998; x_wconf 86' lang='lat' dir='ltr'>n.</span> <span class='ocrx_word' id='word_1_312' title='bbox 1844 3925 1983 3998; x_wconf 81' lang='lat'>313</span> <span class='ocrx_word' id='word_1_313' title='bbox 2026 3925 2098 3995; x_wconf 84' lang='lat' dir='ltr'>in</span> <span class='ocrx_word' id='word_1_314' title='bbox 2107 3925 2258 4020; x_wconf 81' lang='lat' dir='ltr'>fin.</span> <span class='ocrx_word' id='word_1_315' title='bbox 2311 3950 2467 3996; x_wconf 84' lang='lat' dir='ltr'>cum</span> 
     </span>
     <span class='ocr_line' id='line_1_39' title="bbox 292 4022 2465 4124; baseline -0.002 -26"><span class='ocrx_word' id='word_1_316' title='bbox 292 4027 478 4122; x_wconf 75' lang='lat' dir='ltr'>Lug.</span> <span class='ocrx_word' id='word_1_317' title='bbox 516 4042 649 4097; x_wconf 82' lang='lat' dir='ltr'>etc.</span> <span class='ocrx_word' id='word_1_318' title='bbox 696 4025 766 4093; x_wconf 89' lang='lat' dir='ltr'><em>V</em></span> <span class='ocrx_word' id='word_1_319' title='bbox 759 4024 873 4097; x_wconf 56' lang='lat' dir='ltr'>isba</span> <span class='ocrx_word' id='word_1_320' title='bbox 907 4024 980 4095; x_wconf 79' lang='lat' dir='ltr'>in</span> <span class='ocrx_word' id='word_1_321' title='bbox 1013 4026 1230 4118; x_wconf 83' lang='lat' dir='ltr'>Prop.</span> <span class='ocrx_word' id='word_1_322' title='bbox 1268 4025 1355 4124; x_wconf 77' lang='lat'>37</span> <span class='ocrx_word' id='word_1_323' title='bbox 1396 4025 1657 4101; x_wconf 78' lang='lat' dir='ltr'>Immo.</span> <span class='ocrx_word' id='word_1_324' title='bbox 1693 4025 1803 4096; x_wconf 88' lang='lat' dir='ltr'>XI</span> <span class='ocrx_word' id='word_1_325' title='bbox 1837 4048 1910 4095; x_wconf 84' lang='lat' dir='ltr'>n.</span> <span class='ocrx_word' id='word_1_326' title='bbox 1956 4050 1980 4094; x_wconf 84' lang='grc' dir='ltr'>ῐ</span> <span class='ocrx_word' id='word_1_327' title='bbox 2014 4050 2102 4095; x_wconf 82' lang='lat' dir='ltr'>ac</span> <span class='ocrx_word' id='word_1_328' title='bbox 2141 4022 2359 4113; x_wconf 74' lang='lat' dir='ltr'>Croix</span> <span class='ocrx_word' id='word_1_329' title='bbox 2392 4037 2465 4093; x_wconf 82' lang='lat' dir='ltr'>n.</span> 
     </span>
     <span class='ocr_line' id='line_1_40' title="bbox 284 4120 2472 4227; baseline -0.003 -25"><span class='ocrx_word' id='word_1_330' title='bbox 284 4125 444 4227; x_wconf 80' lang='lat'>965</span> <span class='ocrx_word' id='word_1_331' title='bbox 499 4121 752 4200; x_wconf 81' lang='lat' dir='ltr'><em>Tamb.</em></span> <span class='ocrx_word' id='word_1_332' title='bbox 804 4136 880 4196; x_wconf 75' lang='lat' dir='ltr'>et</span> <span class='ocrx_word' id='word_1_333' title='bbox 922 4121 1108 4215; x_wconf 41' lang='lat' dir='ltr'>aliis!</span> <span class='ocrx_word' id='word_1_334' title='bbox 1146 4122 1296 4198; x_wconf 63' lang='lat' dir='ltr'>imo</span> <span class='ocrx_word' id='word_1_335' title='bbox 1338 4121 1635 4199; x_wconf 82' lang='lat' dir='ltr'>nullum</span> <span class='ocrx_word' id='word_1_336' title='bbox 1666 4178 1690 4227; x_wconf 71' lang='lat'>⁸,</span> <span class='ocrx_word' id='word_1_337' title='bbox 1723 4123 1787 4197; x_wconf 73' lang='lat' dir='ltr'>ei</span> <span class='ocrx_word' id='word_1_338' title='bbox 1843 4120 2017 4197; x_wconf 74' lang='lat' dir='ltr'>alias</span> <span class='ocrx_word' id='word_1_339' title='bbox 2071 4122 2472 4198; x_wconf 42' lang='lat' dir='ltr'>‘timeantur</span> 
     </span>
    </p>
   </div>
  </div>
 </body>
</html>
