2934 4734
906 214 1074 353 Cap.-
1099 261 1153 328 1.
1188 259 1363 328 nub.
1399 261 1451 328 Ι.
1483 258 1580 328 De
1613 260 1834 328 Furto.
2306 260 2439 351 5⁸79

283 406 290 416 ·
361 369 760 445 Dicuntss.
787 368 1402 462 Salmantzkenses‚'
1429 373 1653 470 quod,
1686 376 1751 445 si·
1778 371 2094 444 famulus
2126 397 2214 444 ex
2236 374 2431 447 elec-
2450 385 2547 440 523

230 467 468 540 -tione
508 472 804 569 propria
843 486 1100 565 augeat
1132 475 1390 570 operas
1433 471 1749 558 debitas,
1791 471 1977 542 nihil
2006 475 2236 570 possit
2263 500 2435 543 sur-

259 569 505 736 ripere
536 625 552 658 ‚
590 570 762 665 quia
809 583 985 641 tunc
1035 586 1372 643 censetur
1424 596 1718 671 operam
1763 596 1970 641 suam
2016 569 2443 651 condonare·

247 691 306 736 ‘a
412 665 952 739 conciliandam
991 667 1126 738 sihi
1178 669 1475 740 Domini
1518 670 1818 764 gratiam
1848 693 1866 757 ;
1902 668 2107 739 secus
2143 685 2384 739 autem
2409 725 2434 754 ,

153 862 159 865 ¹
263 765 446 835 'si-ex
473 763 847 835 voluntate
879 767 1175 839 Domini
1213 772 1544 864 expressa
1576 822 1592 850 ‚
1626 767 1739 838 vel
1767 764 2013 853 tacita,
2054 769 2224 864 quia
2258 782 2436 837 tunc
2490 790 2491 793 ’

263 862 630 933 servan-da
660 877 768 933 est
797 863 1041 960 regula
1070 864 1223 949 illa,
1250 891 1420 936 nem
1481 866 1541 948 ὲ,
1574 864 1775 963 quod
1797 867 2028 963 quivis
2062 869 2436 962 operarius

264 959 536 1058 dignus
567 961 659 1032 sit
687 961 1041 1034 mercede·
1078 968 1230 1034 sua.
1266 964 1372 1035 Ita
1453 966 1620 1034 alm.
1662 966 1751 1033 de
1785 964 1918 1036 IV.
1956 963 2175 1034 Proec.
2205 990 2334 1055 cap
2388 969 2435 1054 4

251 1064 343 1129 ἠ.
393 1061 527 1132 136
563 1059 752 1137 etde
804 1060 998 1135 Rest.
1044 1087 1199 1155 cap.
1249 1089 1287 1132 ,ι
1344 1088 1416 1134 n.
1466 1061 1597 1134 138
1653 1088 1807 1131 cum
1841 1060 2023 1131 Mol.
2062 1060 2208 1131 Sot.
2273 1062 2445 1131 Vill..

269 1156 465 1226 Nau.
506 1156 721 1227 Dian.
770 1158 1099 1254 Fagmzd.
1149 1159 1365 1232 Bass.
1413 1173 1487 1230 et
1540 1161 1637 1230 ita
1692 1160 1907 1231 etiam
1964 1160 2232 1229 Corella
2277 1178 2435 1230 cum

264 1254 597 1351 Fc'lguem
625 1308 644 1344 ‚
698 1255 986 1329 Toresil.
1020 1256 1311 1341 Las-tra,
1359 1273 1438 1327 ot*
1469 1257 1725 1328 Hozes
1778 1281 1990 1351 super
2020 1258 2182 1328 dica
2225 1281 2429 1354 prop.

267 1353 393 1450 37.
424 1353 953 1448 Consentitque
987 1355 1157 1425 huic
1195 1356 1411 1425 Croix
1446 1353 1558 1426 lib.
1598 1355 1639 1425 3
1666 1383 1742 1451 7⁰·
1772 1381 1812 1424 2
1842 1378 1914 1426 n.
1951 1353 2118 1452 976.
2216 1392 2221 1399 ⁴

370 1452 486 1521 An
521 1466 762 1521 autem
791 1450 1144 1543 famuluS,
1183 1455 1239 1523 si
1272 1452 1646 1524 evidenter
1672 1452 1811 1523 sibi
1848 1462 2131 1524 con'stet
2170 1452 2258 1523 de
2289 1455 2434 1551 jus—
2453 1461 2550 1529 524

263 1549 435 1620 titia
486 1549 598 1619 sui
629 1532 1012 1646 stipendii}
1060 1555 1283 1648 possit
1325 1564 1504 1622 tunc
1549 1577 1634 1622 ex
1669 1552 1965 1649 proprio
2017 1552 2294 1650 judicio
2329 1551 2433 1621 fa·-

267 1672 443 1719 cere
482 1645 621 1718 sibi
662 1648 1090 1745 hujusmodi
1135 1651 1804 1746 compensationem
1837 1650 1866 1719 ἒ)
1900 1646 2179 1745 Negant
2218 1648 2436 1719 Croz'x

271 1745 397 1816 lib.
425 1744 469 1815 3
484 1772 562 1842 p.
593 1769 633 1814 2
662 1772 738 1815 n.
773 1746 920 1841 976
945 1747 1239 1818 Carden.
1268 1773 1421 1842 sup.
1450 1748 1672 1843 Prop.
1702 1745 1945 1817 Innoc.
1976 1748 2095 1818 XI
2112 1747 2305 1818 Diss.
2345 1746 2435 1816 23

219 1919 230 1927 ,
268 1869 333 1914 c.
381 1868 421 1914 2
454 1858 582 1915 art.
631 1845 672 1916 3
699 1872 769 1914 n.
808 1845 901 1916 62
938 1861 1009 1916 et
1041 1843 1134 1916 63
1171 1862 1244 1916 et
1276 1846 1349 1915 V
1342 1846 1453 1915 ἱνα
1487 1845 1557 1915 in
1587 1844 1743 1916 dict.
1766 1868 1963 1940 prop.
2004 1846 2094 1940 37
2128 1869 2199 1915 n.
2248 1871 2304 1914 1.
2343 1847 2441 1915 Et

245 1940 580 2026 dicunt,
622 1941 826 2040 quod
866 1941 1214 2031 famulus,
1248 1941 1395 2015 sive
1441 1943 1891 2041 quicumque
1933 1942 2117 2013 alius
2155 1954 2444 2013 merce-

268 2040 565 2124 narius,
599 2067 753 2112 nou
788 2039 1049 2111 debeat
1088 2041 1226 2112 sibi
1263 2066 1734 2140 compensare
1755 2084 1779 2129 ‚·
1822 2041 1960 2110 nisi
2013 2067 2100 2111 ex
2163 2039 2441 2139 judicio

273 2139 881 2211 communissimo
913 2140 1317 2236 peritorum
1346 2196 1363 2224 ‚
1403 2155 1531 2211 aut
1577 2139 1711 2210 viri
1746 2138 1954 2211 valde
1989 2137 2221 2228 docti,
2264 2153 2335 2210 et
2365 2142 2441 2210 in

274 2261 359 2308 re
392 2236 659 2307 morali
693 2242 980 2324 versati3
1005 2235 1320 2336 ideoque
1352 2238 1724 2336 inquiunt,
1755 2237 1849 2308 ad
1882 2237 2024 2309 hoc
2059 2264 2211 2309 non
2245 2237 2440 2310 suffi-

284 2359 445 2406 cere
477 2334 839 2434 judicium
873 2333 1305 2407 Confessarii
1339 2336 1811 2409 mediocriter
1841 2336 2058 2407 docti.
2098 2339 2441 2408 Attamen

281 2432 492 2505 Salm.
514 2434 603 2501 de
626 2433 984 2505 IVProec.
1014 2433 1259 2531 n..137
1287 2432 1578 2520 dicunt,
1604 2433 1963 2519 famulum
1984 2459 2196 2531 posse
2228 2434 2444 2504 etiam

199 2568 203 2571 Δ
279 2556 369 2603 ex
409 2533 715 2630 proprio
743 2529 1017 2626 judicio
1064 2530 1204 2602 sihi
1252 2557 1722 2632 compensare
1759 2558 1964 2609 suam
2001 2557 2294 2629 operam
2325 2587 2343 2615 ,
2387 2533 2448 2607 si

273 2628 435 2728 ipse
473 2628 667 2701 certe
698 2627 1008 2727 judicet,
1040 2656 1116 2702 se
1151 2635 1384 2727 majus
1421 2629 1872 2727 stipendium
1905 2628 2188 2702 mereri.
2229 2628 2450 2720 Quod

279 2726 467 2800 sane
488 2727 775 2799 videtur
802 2728 984 2821 satis·
1010 2726 1385 2823 probabile
1416 2729 1600 2823 mihi
1637 2741 1708 2799 et
1737 2726 1893 2798 aliis
1926 2726 2161 2799 doctis
2194 2752 2449 2799 recen-

277 2825 598 2899 tioribus
625 2882 642 2914 ‚
677 2826 735 2895 si
776 2825 895 2896 hic
935 2824 1280 2908 famulus,
1309 2827 1421 2898 vel
1452 2827 1904 2926 quicumque
1939 2826 2122 2896 alius
2164 2851 2448 2897 merce-

273 2924 534 2997 narius
560 2925 651 2994 sit
676 2925 783 2995 vir
803 2923 1126 3023 prudens
1155 2925 1561 3014 timoratus,
1590 2939 1661 2996 et
1682 2923 1850 2996 vere
1885 2939 2095 3021 aptus
2133 2923 2221 2994 ad
2252 2922 2449 2996 recte

279 3020 771 3125 judicandum
798 3079 816 3110 ,
858 3048 941 3092 ac
977 3036 1218 3095 certus
1247 3023 1338 3095 sit
1370 3023 1459 3095 de
1491 3024 1761 3122 justitia
1804 3022 2446 3116 compensationiS,

281 3135 570 3196 remoto
602 3119 805 3192 omni
844 3119 1435 3193 hallucinationis
1473 3121 1828 3219 periculo.
1864 3121 2008 3193 Sed
2049 3120 2200 3193 haec
2231 3124 2454 3191 raris-

289 3218 472 3293 sime
505 3220 863 3292 evenient.
902 3217 1055 3291 Nec
1086 3219 1275 3292 favet
1326 3247 1406 3290 su
1467 3216 1743 3290 radicta
1770 3244 2059 3315 propos.
2099 3219 2185 3317 37
2241 3218 2491 3290 dam-·

282 3331 479 3407 nata,
501 3321 671 3417 q‘uae
695 3317 956 3395 merito
975 3319 1380 3417 proscripta
1400 3247 1561 3408 fluit,
1594 3318 1763 3416 quia
1782 3319 1998 3387 nimis
2021 3318 2456 3415 generaliter

288 3414 764 3514 loquebatur.
1277 3418 1280 3419 ἢ

381 3517 752 3606 Quaeritur
784 3513 905 3586 hic
938 3512 1207 3604 obiter,
1231 3512 1492 3585 utrum
1520 3512 1916 3584 Christiani
1955 3510 2232 3610 possint
2261 3509 2453 3583 licite
2473 3521 2567 3578 525

280 3614 660 3706 surripere
708 3637 818 3684 res
861 3612 1270 3684 Turcarum
1304 3610 1332 3683 ?
1369 3614 1584 3711 Resp.
1622 3613 1678 3683 si
1735 3604 2127 3682 Christiani
2173 3611 2327 3681 sint
2375 3610 2454 3680 in

277 3711 470 3784 locis
487 3711 897 3782 Turcarum
929 3711 1218 3807 captivi,
1240 3725 1522 3782 certum
1547 3725 1680 3797 est,
1709 3735 1918 3808 posse
1947 3733 2068 3779 eos
2095 3707 2458 3803 surripere

251 3815 330 3882 'a
357 3810 695 3881 Dominis
730 3807 1087 3906 quantum
1116 3809 1411 3895 suflicit,
1452 3822 1534 3880 ut
1563 3807 2056 3892 redimantur,
2092 3818 2165 3876 et
2191 3804 2282 3876 ad
2313 3807 2458 3877 Pa-

283 3906 507 3980 triam
560 3904 867 3985 redeant
896 3907 974 3978 in
1007 3909 1681 4005 compensationem
1714 3906 2003 3998 injustae
2038 3903 2400 3975 servitutis
2434 3957 2453 3988 ‚

276 4020 360 4077 et
404 4004 849 4077 damnorum
882 4059 899 4088 ‚
952 4031 1111 4102 quae
1160 4007 1434 4077 ratione
1483 4004 1840 4077 servitutis
1905 4002 2302 4101 patiuntur.
2346 3999 2455 4073 Ita

277 4103 611 4190 habetur
638 4128 726 4179 ex
745 4103 1056 4183 Decreta
1106 4105 1373 4209 Congr.
1407 4103 1528 4181 SS.
1562 4101 1702 4178 Off.
1754 4100 1873 4177 die
1912 4100 2015 4175 23.
2039 4103 2226 4199 Aug.
2269 4099 2452 4175 1630
