<?xml version="1.0" encoding="UTF-8"?>
<!DOCTYPE html PUBLIC "-//W3C//DTD XHTML 1.0 Transitional//EN"
    "http://www.w3.org/TR/xhtml1/DTD/xhtml1-transitional.dtd">
<html xmlns="http://www.w3.org/1999/xhtml" xml:lang="en" lang="en">
 <head>
  <title>
</title>
<meta http-equiv="Content-Type" content="text/html;charset=utf-8" />
  <meta name='ocr-system' content='tesseract 3.04.00' />
  <meta name='ocr-capabilities' content='ocr_page ocr_carea ocr_par ocr_line ocrx_word'/>
</head>
<body>
  <div class='ocr_page' id='page_1' title='image "./theologiamorali09ligugoog_0034.png"; bbox 0 0 2934 4734; ppageno 0'>
   <div class='ocr_carea' id='block_1_1' title="bbox 474 291 2422 390">
    <p class='ocr_par' dir='ltr' id='par_1_1' title="bbox 474 291 2422 390">
     <span class='ocr_line' id='line_1_1' title="bbox 474 291 2422 390; baseline 0.001 -30"><span class='ocrx_word' id='word_1_1' title='bbox 474 293 558 360; x_wconf 70' lang='grc'><strong><em>26</em></strong></span> <span class='ocrx_word' id='word_1_2' title='bbox 672 291 817 359; x_wconf 88' lang='lat' dir='ltr'>Lib.</span> <span class='ocrx_word' id='word_1_3' title='bbox 837 292 953 360; x_wconf 85' lang='grc' dir='ltr'><strong>ΠΙ.</strong></span> <span class='ocrx_word' id='word_1_4' title='bbox 971 292 1191 359; x_wconf 80' lang='lat' dir='ltr'><strong><em>Tract.</em></strong></span> <span class='ocrx_word' id='word_1_5' title='bbox 1209 293 1294 359; x_wconf 81' lang='grc' dir='ltr'><strong>ΙΙ.</strong></span> <span class='ocrx_word' id='word_1_6' title='bbox 1315 294 1415 360; x_wconf 86' lang='lat' dir='ltr'><strong><em>De</em></strong></span> <span class='ocrx_word' id='word_1_7' title='bbox 1432 294 1728 362; x_wconf 79' lang='lat' dir='ltr'><strong><em>secundo</em></strong></span> <span class='ocrx_word' id='word_1_8' title='bbox 1745 294 2065 390; x_wconf 62' lang='lat' dir='ltr'><strong><em>Praecepto</em></strong></span> <span class='ocrx_word' id='word_1_9' title='bbox 2081 291 2422 384; x_wconf 75' lang='lat' dir='ltr'><strong><em>Decasogi.</em></strong></span> 
     </span>
    </p>
   </div>
   <div class='ocr_carea' id='block_1_2' title="bbox 388 403 2652 1620">
    <p class='ocr_par' dir='ltr' id='par_1_2' title="bbox 477 403 1860 471">
     <span class='ocr_line' id='line_1_2' title="bbox 477 403 1860 471; baseline 0.001 -1"><span class='ocrx_word' id='word_1_10' title='bbox 477 406 597 470; x_wconf 78' lang='lat'><strong><em>152</em></strong></span> <span class='ocrx_word' id='word_1_11' title='bbox 641 403 758 470; x_wconf 87' lang='lat' dir='ltr'><strong><em>An</em></strong></span> <span class='ocrx_word' id='word_1_12' title='bbox 782 407 929 471; x_wconf 75' lang='lat' dir='ltr'><strong><em>verb</em></strong></span> <span class='ocrx_word' id='word_1_13' title='bbox 959 428 1098 471; x_wconf 85' lang='lat' dir='ltr'><strong><em>cum</em></strong></span> <span class='ocrx_word' id='word_1_14' title='bbox 1126 403 1536 471; x_wconf 78' lang='lat' dir='ltr'><strong><em>Restrictione</em></strong></span> <span class='ocrx_word' id='word_1_15' title='bbox 1567 404 1860 471; x_wconf 84' lang='lat' dir='ltr'><strong><em>mentali?</em></strong></span> 
     </span>
    </p>

    <p class='ocr_par' dir='ltr' id='par_1_3' title="bbox 388 488 2642 1010">
     <span class='ocr_line' id='line_1_3' title="bbox 388 488 2642 580; baseline -0.002 -21"><span class='ocrx_word' id='word_1_16' title='bbox 388 492 395 499; x_wconf 77' lang='grc'>’</span> <span class='ocrx_word' id='word_1_17' title='bbox 471 490 596 559; x_wconf 71' lang='grc'><strong><em>155</em></strong></span> <span class='ocrx_word' id='word_1_18' title='bbox 642 490 1058 556; x_wconf 75' lang='lat' dir='ltr'><strong><em>Resolvuntur</em></strong></span> <span class='ocrx_word' id='word_1_19' title='bbox 1084 513 1302 565; x_wconf 84' lang='lat' dir='ltr'><strong><em>casus,</em></strong></span> <span class='ocrx_word' id='word_1_20' title='bbox 1331 488 1412 554; x_wconf 88' lang='lat' dir='ltr'><strong><em>de</em></strong></span> <span class='ocrx_word' id='word_1_21' title='bbox 1445 491 1845 580; x_wconf 71' lang='lat' dir='ltr'><strong><em>Confessario</em></strong></span> <span class='ocrx_word' id='word_1_22' title='bbox 1865 491 2214 580; x_wconf 85' lang='lat' dir='ltr'><strong><em>affirmante</em></strong></span> <span class='ocrx_word' id='word_1_23' title='bbox 2230 541 2253 568; x_wconf 93' lang='lat'>‚</span> <span class='ocrx_word' id='word_1_24' title='bbox 2287 512 2358 557; x_wconf 92' lang='lat' dir='ltr'><strong><em>se</em></strong></span> <span class='ocrx_word' id='word_1_25' title='bbox 2386 491 2642 557; x_wconf 70' lang='lat' dir='ltr'><strong><em>nescire</em></strong></span> 
     </span>
     <span class='ocr_line' id='line_1_4' title="bbox 719 575 2641 667; baseline 0.001 -27"><span class='ocrx_word' id='word_1_26' title='bbox 719 591 1042 665; x_wconf 82' lang='lat' dir='ltr'><strong><em>peccatum</em></strong></span> <span class='ocrx_word' id='word_1_27' title='bbox 1058 578 1433 667; x_wconf 73' lang='lat' dir='ltr'><strong><em>confessum.</em></strong></span> <span class='ocrx_word' id='word_1_28' title='bbox 1464 602 1490 640; x_wconf 91' lang='lat'>1</span> <span class='ocrx_word' id='word_1_29' title='bbox 1503 578 1608 642; x_wconf 70' lang='lat'><strong><em>54.</em></strong></span> <span class='ocrx_word' id='word_1_30' title='bbox 1621 576 1719 642; x_wconf 87' lang='lat' dir='ltr'><strong><em>De</em></strong></span> <span class='ocrx_word' id='word_1_31' title='bbox 1737 575 1896 649; x_wconf 63' lang='lat' dir='ltr'><strong><em>lieo,</em></strong></span> <span class='ocrx_word' id='word_1_32' title='bbox 1912 577 2007 642; x_wconf 75' lang='lat' dir='ltr'><strong><em>vel</em></strong></span> <span class='ocrx_word' id='word_1_33' title='bbox 2026 576 2205 642; x_wconf 86' lang='lat' dir='ltr'><strong><em>Teste</em></strong></span> <span class='ocrx_word' id='word_1_34' title='bbox 2219 602 2344 642; x_wconf 88' lang='lat' dir='ltr'><strong><em>non</em></strong></span> <span class='ocrx_word' id='word_1_35' title='bbox 2362 577 2641 666; x_wconf 57' lang='lat' dir='ltr'><strong><em>legitima}</em></strong></span> 
     </span>
     <span class='ocr_line' id='line_1_5' title="bbox 722 661 2638 812; baseline 0.001 -86"><span class='ocrx_word' id='word_1_36' title='bbox 722 665 1128 753; x_wconf 76' lang='lat' dir='ltr'><strong><em>interrogato·</em></strong></span> <span class='ocrx_word' id='word_1_37' title='bbox 1172 662 1314 726; x_wconf 83' lang='lat'>155.</span> <span class='ocrx_word' id='word_1_38' title='bbox 1353 661 1525 812; x_wconf 41' lang='lat' dir='ltr'><strong><em>{eid</em></strong></span> <span class='ocrx_word' id='word_1_39' title='bbox 1548 667 1607 727; x_wconf 81' lang='lat' dir='ltr'><strong><em>si</em></strong></span> <span class='ocrx_word' id='word_1_40' title='bbox 1633 663 1892 750; x_wconf 76' lang='lat' dir='ltr'><strong><em>legitime</em></strong></span> <span class='ocrx_word' id='word_1_41' title='bbox 1911 675 2199 751; x_wconf 80' lang='lat' dir='ltr'><strong><em>rogetur,</em></strong></span> <span class='ocrx_word' id='word_1_42' title='bbox 2229 677 2291 731; x_wconf 86' lang='lat' dir='ltr'><strong><em>et</em></strong></span> <span class='ocrx_word' id='word_1_43' title='bbox 2317 662 2638 753; x_wconf 71' lang='grc' dir='ltr'><strong>(0ᾳαίνοοὲ</strong></span> 
     </span>
     <span class='ocr_line' id='line_1_6' title="bbox 710 747 2638 837; baseline 0.001 -25"><span class='ocrx_word' id='word_1_44' title='bbox 710 747 931 836; x_wconf 82' lang='lat' dir='ltr'><strong><em>juret?</em></strong></span> <span class='ocrx_word' id='word_1_45' title='bbox 966 750 1109 813; x_wconf 85' lang='lat'><strong>156.</strong></span> <span class='ocrx_word' id='word_1_46' title='bbox 1142 748 1236 811; x_wconf 78' lang='lat' dir='ltr'><strong><em>Et</em></strong></span> <span class='ocrx_word' id='word_1_47' title='bbox 1262 771 1348 812; x_wconf 90' lang='lat' dir='ltr'><strong><em>an</em></strong></span> <span class='ocrx_word' id='word_1_48' title='bbox 1436 773 1543 813; x_wconf 88' lang='lat' dir='ltr'><strong><em>eus</em></strong></span> <span class='ocrx_word' id='word_1_49' title='bbox 1575 748 1854 837; x_wconf 82' lang='lat' dir='ltr'><strong><em>capitalis</em></strong></span> <span class='ocrx_word' id='word_1_50' title='bbox 1887 760 2167 817; x_wconf 85' lang='lat' dir='ltr'><strong><em>teneatur</em></strong></span> <span class='ocrx_word' id='word_1_51' title='bbox 2193 753 2420 814; x_wconf 82' lang='lat' dir='ltr'><strong><em>crimen</em></strong></span> <span class='ocrx_word' id='word_1_52' title='bbox 2454 762 2638 813; x_wconf 76' lang='lat' dir='ltr'><strong><em>con-</em></strong></span> 
     </span>
     <span class='ocr_line' id='line_1_7' title="bbox 699 831 2641 936; baseline 0.001 -38"><span class='ocrx_word' id='word_1_53' title='bbox 699 831 932 925; x_wconf 75' lang='lat' dir='ltr'><strong><em>fiteri&#39;?</em></strong></span> <span class='ocrx_word' id='word_1_54' title='bbox 956 837 1098 918; x_wconf 84' lang='lat'>157.</span> <span class='ocrx_word' id='word_1_55' title='bbox 1118 835 1217 898; x_wconf 90' lang='lat' dir='ltr'><strong><em>De</em></strong></span> <span class='ocrx_word' id='word_1_56' title='bbox 1235 834 1572 899; x_wconf 83' lang='lat' dir='ltr'><strong><em>Poenitente</em></strong></span> <span class='ocrx_word' id='word_1_57' title='bbox 1602 837 1978 923; x_wconf 79' lang='lat' dir='ltr'><strong><em>interrogato</em></strong></span> <span class='ocrx_word' id='word_1_58' title='bbox 2008 833 2086 898; x_wconf 88' lang='lat' dir='ltr'><strong><em>de</em></strong></span> <span class='ocrx_word' id='word_1_59' title='bbox 2095 848 2355 923; x_wconf 87' lang='lat' dir='ltr'><strong><em>peccato</em></strong></span> <span class='ocrx_word' id='word_1_60' title='bbox 2384 835 2641 936; x_wconf 69' lang='lat' dir='ltr'><strong><em>confes-</em></strong></span> 
     </span>
     <span class='ocr_line' id='line_1_8' title="bbox 717 918 2641 1010; baseline 0.001 -26"><span class='ocrx_word' id='word_1_61' title='bbox 717 943 819 984; x_wconf 84' lang='lat' dir='ltr'><strong><em>so.</em></strong></span> <span class='ocrx_word' id='word_1_62' title='bbox 847 918 991 985; x_wconf 84' lang='grc'><strong>158.</strong></span> <span class='ocrx_word' id='word_1_63' title='bbox 1012 920 1111 985; x_wconf 90' lang='lat' dir='ltr'><strong><em>De</em></strong></span> <span class='ocrx_word' id='word_1_64' title='bbox 1120 942 1394 1010; x_wconf 84' lang='lat' dir='ltr'><strong><em>paupere</em></strong></span> <span class='ocrx_word' id='word_1_65' title='bbox 1410 919 1717 1010; x_wconf 79' lang='lat' dir='ltr'><strong><em>indigente</em></strong></span> <span class='ocrx_word' id='word_1_66' title='bbox 1732 941 1799 983; x_wconf 87' lang='lat' dir='ltr'><strong><em>re</em></strong></span> <span class='ocrx_word' id='word_1_67' title='bbox 1811 921 2036 985; x_wconf 68' lang='lat' dir='ltr'><strong><em>aliena.</em></strong></span> <span class='ocrx_word' id='word_1_68' title='bbox 2068 923 2214 1006; x_wconf 85' lang='lat'><strong>159.</strong></span> <span class='ocrx_word' id='word_1_69' title='bbox 2236 921 2336 986; x_wconf 87' lang='lat' dir='ltr'><strong><em>De</em></strong></span> <span class='ocrx_word' id='word_1_70' title='bbox 2347 920 2641 986; x_wconf 71' lang='lat' dir='ltr'><strong><em>debuere</em></strong></span> 
     </span>
    </p>

    <p class='ocr_par' dir='ltr' id='par_1_4' title="bbox 716 1004 2648 1442">
     <span class='ocr_line' id='line_1_9' title="bbox 762 1004 2648 1095; baseline 0.002 -26"><span class='ocrx_word' id='word_1_71' title='bbox 762 1009 829 1070; x_wconf 80' lang='lat' dir='ltr'><strong><em>ui</em></strong></span> <span class='ocrx_word' id='word_1_72' title='bbox 855 1006 1014 1069; x_wconf 73' lang='lat' dir='ltr'><strong><em>alias</em></strong></span> <span class='ocrx_word' id='word_1_73' title='bbox 1043 1030 1171 1070; x_wconf 85' lang='lat' dir='ltr'><strong><em>non</em></strong></span> <span class='ocrx_word' id='word_1_74' title='bbox 1200 1019 1455 1072; x_wconf 84' lang='lat' dir='ltr'><strong><em>tenetur.</em></strong></span> <span class='ocrx_word' id='word_1_75' title='bbox 1506 1010 1648 1072; x_wconf 84' lang='lat'><strong>160.</strong></span> <span class='ocrx_word' id='word_1_76' title='bbox 1681 1005 1782 1069; x_wconf 83' lang='lat' dir='ltr'><strong><em>De</em></strong></span> <span class='ocrx_word' id='word_1_77' title='bbox 1816 1018 2040 1095; x_wconf 78' lang='lat' dir='ltr'><strong><em>rogato</em></strong></span> <span class='ocrx_word' id='word_1_78' title='bbox 2073 1030 2116 1070; x_wconf 90' lang='lat' dir='ltr'><strong><em>a</em></strong></span> <span class='ocrx_word' id='word_1_79' title='bbox 2137 1004 2352 1092; x_wconf 86' lang='lat' dir='ltr'><strong><em>judice</em></strong></span> <span class='ocrx_word' id='word_1_80' title='bbox 2366 1055 2393 1084; x_wconf 83' lang='lat'><strong><em>,</em></strong></span> <span class='ocrx_word' id='word_1_81' title='bbox 2421 1030 2510 1070; x_wconf 80' lang='lat' dir='ltr'><strong><em>an</em></strong></span> <span class='ocrx_word' id='word_1_82' title='bbox 2542 1011 2648 1072; x_wconf 85' lang='lat' dir='ltr'><strong><em>sit</em></strong></span> 
     </span>
     <span class='ocr_line' id='line_1_10' title="bbox 718 1030 2645 1167; baseline 0.002 -11"><span class='ocrx_word' id='word_1_83' title='bbox 718 1030 959 1156; x_wconf 60' lang='lat' dir='ltr'><strong><em>Zvcutus</em></strong></span> <span class='ocrx_word' id='word_1_84' title='bbox 992 1115 1131 1156; x_wconf 88' lang='lat' dir='ltr'><strong><em>cum</em></strong></span> <span class='ocrx_word' id='word_1_85' title='bbox 1159 1092 1292 1157; x_wconf 83' lang='lat' dir='ltr'><strong><em>Reo</em></strong></span> <span class='ocrx_word' id='word_1_86' title='bbox 1312 1141 1333 1167; x_wconf 86' lang='lat'><strong><em>,</em></strong></span> <span class='ocrx_word' id='word_1_87' title='bbox 1365 1105 1425 1157; x_wconf 89' lang='lat' dir='ltr'><strong><em>et</em></strong></span> <span class='ocrx_word' id='word_1_88' title='bbox 1454 1089 1795 1157; x_wconf 80' lang='lat' dir='ltr'><strong><em>similibus?</em></strong></span> <span class='ocrx_word' id='word_1_89' title='bbox 1828 1094 1969 1156; x_wconf 87' lang='grc'><strong>161.</strong></span> <span class='ocrx_word' id='word_1_90' title='bbox 2000 1091 2100 1155; x_wconf 90' lang='lat' dir='ltr'><strong><em>De</em></strong></span> <span class='ocrx_word' id='word_1_91' title='bbox 2129 1091 2432 1159; x_wconf 84' lang='lat' dir='ltr'><strong><em>creditore</em></strong></span> <span class='ocrx_word' id='word_1_92' title='bbox 2460 1114 2645 1159; x_wconf 77' lang='lat' dir='ltr'><strong><em>asse-</em></strong></span> 
     </span>
     <span class='ocr_line' id='line_1_11' title="bbox 722 1175 2643 1266; baseline 0.001 -22"><span class='ocrx_word' id='word_1_93' title='bbox 722 1190 899 1244; x_wconf 87' lang='lat' dir='ltr'><strong><em>rente</em></strong></span> <span class='ocrx_word' id='word_1_94' title='bbox 915 1175 1073 1243; x_wconf 79' lang='lat' dir='ltr'><strong><em>nihil</em></strong></span> <span class='ocrx_word' id='word_1_95' title='bbox 1083 1176 1202 1244; x_wconf 81' lang='lat' dir='ltr'><strong><em>sibi</em></strong></span> <span class='ocrx_word' id='word_1_96' title='bbox 1216 1179 1506 1244; x_wconf 83' lang='lat' dir='ltr'><strong><em>solutum.</em></strong></span> <span class='ocrx_word' id='word_1_97' title='bbox 1538 1203 1559 1242; x_wconf 91' lang='lat'>1</span> <span class='ocrx_word' id='word_1_98' title='bbox 1574 1180 1679 1243; x_wconf 85' lang='lat'><strong><em>62.</em></strong></span> <span class='ocrx_word' id='word_1_99' title='bbox 1701 1176 1801 1241; x_wconf 90' lang='lat' dir='ltr'><strong><em>De</em></strong></span> <span class='ocrx_word' id='word_1_100' title='bbox 1815 1175 2643 1266; x_wconf 73' lang='lat' dir='ltr'><strong><em>adulteranegantecn&#39;men.</em></strong></span> 
     </span>
     <span class='ocr_line' id='line_1_12' title="bbox 728 1260 2641 1351; baseline 0.001 -23"><span class='ocrx_word' id='word_1_101' title='bbox 728 1263 872 1329; x_wconf 80' lang='lat'><strong>163.</strong></span> <span class='ocrx_word' id='word_1_102' title='bbox 908 1263 1008 1328; x_wconf 89' lang='lat' dir='ltr'><strong><em>De</em></strong></span> <span class='ocrx_word' id='word_1_103' title='bbox 1035 1287 1101 1328; x_wconf 91' lang='lat' dir='ltr'><strong><em>re</em></strong></span> <span class='ocrx_word' id='word_1_104' title='bbox 1142 1268 1325 1328; x_wconf 79' lang='lat' dir='ltr'><strong><em>uisito</em></strong></span> <span class='ocrx_word' id='word_1_105' title='bbox 1355 1263 1446 1328; x_wconf 87' lang='lat' dir='ltr'><strong><em>ad</em></strong></span> <span class='ocrx_word' id='word_1_106' title='bbox 1473 1260 1894 1328; x_wconf 77' lang='lat' dir='ltr'><em>mutuandum.</em></span> <span class='ocrx_word' id='word_1_107' title='bbox 1937 1264 2080 1328; x_wconf 84' lang='lat'><strong>164.</strong></span> <span class='ocrx_word' id='word_1_108' title='bbox 2118 1264 2218 1327; x_wconf 92' lang='lat' dir='ltr'><strong><em>Dc</em></strong></span> <span class='ocrx_word' id='word_1_109' title='bbox 2253 1277 2641 1351; x_wconf 83' lang='lat' dir='ltr'><strong><em>mercatore,</em></strong></span> 
     </span>
     <span class='ocr_line' id='line_1_13' title="bbox 716 1347 2640 1442; baseline 0.001 -28"><span class='ocrx_word' id='word_1_110' title='bbox 716 1363 838 1414; x_wconf 89' lang='lat' dir='ltr'><strong><em>etc.</em></strong></span> <span class='ocrx_word' id='word_1_111' title='bbox 881 1350 1025 1414; x_wconf 88' lang='grc'><strong>165.</strong></span> <span class='ocrx_word' id='word_1_112' title='bbox 1124 1373 1157 1415; x_wconf 89' lang='lat' dir='ltr'><strong><em>e</em></strong></span> <span class='ocrx_word' id='word_1_113' title='bbox 1164 1349 1422 1442; x_wconf 83' lang='lat' dir='ltr'><strong><em>famulo</em></strong></span> <span class='ocrx_word' id='word_1_114' title='bbox 1438 1363 1750 1415; x_wconf 80' lang='lat' dir='ltr'><strong><em>asserente</em></strong></span> <span class='ocrx_word' id='word_1_115' title='bbox 1776 1347 2107 1415; x_wconf 79' lang='lat' dir='ltr'><strong><em>Donu‘num</em></strong></span> <span class='ocrx_word' id='word_1_116' title='bbox 2123 1373 2251 1412; x_wconf 89' lang='lat' dir='ltr'><strong><em>non</em></strong></span> <span class='ocrx_word' id='word_1_117' title='bbox 2281 1371 2415 1414; x_wconf 88' lang='lat' dir='ltr'><strong><em>esse</em></strong></span> <span class='ocrx_word' id='word_1_118' title='bbox 2432 1348 2640 1416; x_wconf 81' lang='lat' dir='ltr'><strong><em>domi.</em></strong></span> 
     </span>
    </p>

    <p class='ocr_par' dir='ltr' id='par_1_5' title="bbox 614 1434 2652 1620">
     <span class='ocr_line' id='line_1_14' title="bbox 614 1434 2652 1521; baseline 0.001 -22"><span class='ocrx_word' id='word_1_119' title='bbox 614 1448 649 1473; x_wconf 52' lang='lat'><strong><em>³*</em></strong></span> <span class='ocrx_word' id='word_1_120' title='bbox 731 1435 876 1500; x_wconf 88' lang='grc'><strong>166.</strong></span> <span class='ocrx_word' id='word_1_121' title='bbox 898 1434 998 1499; x_wconf 89' lang='lat' dir='ltr'><strong><em>De</em></strong></span> <span class='ocrx_word' id='word_1_122' title='bbox 1031 1434 1415 1500; x_wconf 79' lang='lat' dir='ltr'><strong><em>assumendis</em></strong></span> <span class='ocrx_word' id='word_1_123' title='bbox 1448 1435 1541 1499; x_wconf 88' lang='lat' dir='ltr'><strong><em>ad</em></strong></span> <span class='ocrx_word' id='word_1_124' title='bbox 1547 1435 1978 1500; x_wconf 81' lang='lat' dir='ltr'><strong><em>Doctoratum.</em></strong></span> <span class='ocrx_word' id='word_1_125' title='bbox 2021 1437 2166 1521; x_wconf 84' lang='lat'><strong>167.</strong></span> <span class='ocrx_word' id='word_1_126' title='bbox 2187 1435 2289 1500; x_wconf 91' lang='lat' dir='ltr'><strong><em>De</em></strong></span> <span class='ocrx_word' id='word_1_127' title='bbox 2317 1448 2652 1502; x_wconf 71' lang='lat' dir='ltr'><strong><em>asserente</em></strong></span> 
     </span>
     <span class='ocr_line' id='line_1_15' title="bbox 719 1519 2650 1620; baseline 0.002 -36"><span class='ocrx_word' id='word_1_128' title='bbox 719 1524 1133 1609; x_wconf 86' lang='lat' dir='ltr'><strong><em>acceptionem</em></strong></span> <span class='ocrx_word' id='word_1_129' title='bbox 1155 1525 1432 1612; x_wconf 83' lang='lat' dir='ltr'><strong><em>pecuniae</em></strong></span> <span class='ocrx_word' id='word_1_130' title='bbox 1451 1570 1471 1594; x_wconf 90' lang='lat'><em>‚</em></span> <span class='ocrx_word' id='word_1_131' title='bbox 1489 1544 1674 1611; x_wconf 82' lang='lat' dir='ltr'><strong><em>quam</em></strong></span> <span class='ocrx_word' id='word_1_132' title='bbox 1704 1542 1830 1583; x_wconf 87' lang='lat' dir='ltr'><strong><em>non</em></strong></span> <span class='ocrx_word' id='word_1_133' title='bbox 1858 1524 2106 1620; x_wconf 64' lang='lat' dir='ltr'><strong><em>recepit.</em></strong></span> <span class='ocrx_word' id='word_1_134' title='bbox 2149 1519 2295 1585; x_wconf 82' lang='lat'><strong>168.</strong></span> <span class='ocrx_word' id='word_1_135' title='bbox 2316 1521 2417 1587; x_wconf 90' lang='lat' dir='ltr'><strong><em>De</em></strong></span> <span class='ocrx_word' id='word_1_136' title='bbox 2444 1543 2650 1589; x_wconf 86' lang='lat' dir='ltr'><strong><em>asse-</em></strong></span> 
     </span>
    </p>
   </div>
   <div class='ocr_carea' id='block_1_3' title="bbox 353 1604 2652 4228">
    <p class='ocr_par' dir='ltr' id='par_1_6' title="bbox 718 1604 2367 1707">
     <span class='ocr_line' id='line_1_16' title="bbox 718 1604 2367 1707; baseline 0.001 -37"><span class='ocrx_word' id='word_1_137' title='bbox 718 1619 888 1671; x_wconf 87' lang='lat' dir='ltr'><strong><em>rente</em></strong></span> <span class='ocrx_word' id='word_1_138' title='bbox 896 1607 1150 1698; x_wconf 83' lang='lat' dir='ltr'><strong><em>falsum</em></strong></span> <span class='ocrx_word' id='word_1_139' title='bbox 1171 1656 1192 1692; x_wconf 89' lang='lat'>‚</span> <span class='ocrx_word' id='word_1_140' title='bbox 1224 1605 1510 1673; x_wconf 83' lang='lat' dir='ltr'><strong><em>addendo</em></strong></span> <span class='ocrx_word' id='word_1_141' title='bbox 1546 1606 1844 1671; x_wconf 62' lang='lat' dir='ltr'><strong><em>submisse</em></strong></span> <span class='ocrx_word' id='word_1_142' title='bbox 1871 1604 2109 1707; x_wconf 67' lang='lat' dir='ltr'><strong><em>aliquid</em></strong></span> <span class='ocrx_word' id='word_1_143' title='bbox 2132 1629 2367 1671; x_wconf 80' lang='lat' dir='ltr'><strong><em>verum.</em></strong></span> 
     </span>
    </p>

    <p class='ocr_par' dir='ltr' id='par_1_7' title="bbox 468 1690 2211 1779">
     <span class='ocr_line' id='line_1_17' title="bbox 468 1690 2211 1779; baseline 0.001 -23"><span class='ocrx_word' id='word_1_144' title='bbox 468 1690 590 1777; x_wconf 82' lang='lat'><strong><em>169</em></strong></span> <span class='ocrx_word' id='word_1_145' title='bbox 634 1691 749 1757; x_wconf 88' lang='lat' dir='ltr'><strong><em>An</em></strong></span> <span class='ocrx_word' id='word_1_146' title='bbox 779 1693 963 1758; x_wconf 87' lang='lat' dir='ltr'><strong><em>liceat</em></strong></span> <span class='ocrx_word' id='word_1_147' title='bbox 987 1694 1176 1758; x_wconf 80' lang='lat' dir='ltr'><strong><em>alicui</em></strong></span> <span class='ocrx_word' id='word_1_148' title='bbox 1210 1717 1337 1757; x_wconf 88' lang='lat' dir='ltr'><strong><em>non</em></strong></span> <span class='ocrx_word' id='word_1_149' title='bbox 1361 1717 1433 1759; x_wconf 94' lang='lat' dir='ltr'><strong><em>ro</em></strong></span> <span class='ocrx_word' id='word_1_150' title='bbox 1480 1706 1586 1756; x_wconf 88' lang='lat' dir='ltr'><strong><em>ato</em></strong></span> <span class='ocrx_word' id='word_1_151' title='bbox 1619 1716 1671 1757; x_wconf 83' lang='lat' dir='ltr'><strong><em>ae</em></strong></span> <span class='ocrx_word' id='word_1_152' title='bbox 1712 1691 1922 1757; x_wconf 74' lang='lat' dir='ltr'><strong><em>uivoce</em></strong></span> <span class='ocrx_word' id='word_1_153' title='bbox 1936 1691 2211 1779; x_wconf 71' lang='lat' dir='ltr'><strong><em>jurare?</em></strong></span> 
     </span>
    </p>

    <p class='ocr_par' dir='ltr' id='par_1_8' title="bbox 469 1715 1962 1880">
     <span class='ocr_line' id='line_1_18' title="bbox 469 1715 1962 1880; baseline 0.003 -36"><span class='ocrx_word' id='word_1_154' title='bbox 469 1798 592 1862; x_wconf 76' lang='lat'><strong><em>170</em></strong></span> <span class='ocrx_word' id='word_1_155' title='bbox 640 1775 802 1845; x_wconf 85' lang='lat' dir='ltr'><strong><em>Vide</em></strong></span> <span class='ocrx_word' id='word_1_156' title='bbox 830 1778 986 1843; x_wconf 88' lang='lat' dir='ltr'><strong><em>alios</em></strong></span> <span class='ocrx_word' id='word_1_157' title='bbox 1014 1803 1199 1845; x_wconf 83' lang='lat' dir='ltr'><strong><em>casus</em></strong></span> <span class='ocrx_word' id='word_1_158' title='bbox 1219 1778 1405 1880; x_wconf 70' lang='lat' dir='ltr'><strong><em>&#39;apud</em></strong></span> <span class='ocrx_word' id='word_1_159' title='bbox 1428 1715 1722 1845; x_wconf 46' lang='lat' dir='ltr'><strong><em>{usamss</em></strong></span> <span class='ocrx_word' id='word_1_160' title='bbox 1956 1841 1962 1848; x_wconf 90' lang='lat'><strong>.</strong></span> 
     </span>
    </p>

    <p class='ocr_par' dir='ltr' id='par_1_9' title="bbox 468 1859 2652 1956">
     <span class='ocr_line' id='line_1_19' title="bbox 468 1859 2652 1956; baseline 0 -28"><span class='ocrx_word' id='word_1_161' title='bbox 468 1884 585 1951; x_wconf 83' lang='grc'><strong><em>171</em></strong></span> <span class='ocrx_word' id='word_1_162' title='bbox 632 1863 748 1930; x_wconf 89' lang='lat' dir='ltr'><strong><em>An</em></strong></span> <span class='ocrx_word' id='word_1_163' title='bbox 769 1864 952 1930; x_wconf 82' lang='lat' dir='ltr'><strong><em>liceat</em></strong></span> <span class='ocrx_word' id='word_1_164' title='bbox 965 1868 1186 1952; x_wconf 83' lang='lat' dir='ltr'><strong><em>jurare</em></strong></span> <span class='ocrx_word' id='word_1_165' title='bbox 1213 1887 1345 1929; x_wconf 81' lang='lat' dir='ltr'><strong><em>sme</em></strong></span> <span class='ocrx_word' id='word_1_166' title='bbox 1374 1868 1580 1929; x_wconf 82' lang='lat' dir='ltr'><strong><em>animo</em></strong></span> <span class='ocrx_word' id='word_1_167' title='bbox 1600 1859 1914 1950; x_wconf 81' lang='lat' dir='ltr'><strong><em>jurandi?</em></strong></span> <span class='ocrx_word' id='word_1_168' title='bbox 1941 1860 2073 1929; x_wconf 85' lang='lat' dir='ltr'><strong><em>Sed</em></strong></span> <span class='ocrx_word' id='word_1_169' title='bbox 2098 1862 2177 1929; x_wconf 89' lang='lat' dir='ltr'><strong><em>de</em></strong></span> <span class='ocrx_word' id='word_1_170' title='bbox 2205 1861 2326 1929; x_wconf 80' lang='lat' dir='ltr'><strong><em>hoc</em></strong></span> <span class='ocrx_word' id='word_1_171' title='bbox 2368 1861 2652 1956; x_wconf 64' lang='lat' dir='ltr'><strong><em>videfic-</em></strong></span> 
     </span>
    </p>

    <p class='ocr_par' dir='ltr' id='par_1_10' title="bbox 353 1949 2644 2369">
     <span class='ocr_line' id='line_1_20' title="bbox 713 1949 2643 2040; baseline 0.002 -27"><span class='ocrx_word' id='word_1_172' title='bbox 713 1955 846 2014; x_wconf 74' lang='lat' dir='ltr'><strong><em>siies</em></strong></span> <span class='ocrx_word' id='word_1_173' title='bbox 876 1975 941 2015; x_wconf 85' lang='lat' dir='ltr'><strong><em>n.</em></strong></span> <span class='ocrx_word' id='word_1_174' title='bbox 988 1972 1132 2040; x_wconf 83' lang='lat'><strong>172.</strong></span> <span class='ocrx_word' id='word_1_175' title='bbox 1170 1949 1317 2016; x_wconf 79' lang='lat' dir='ltr'><strong><em>Dub</em></strong></span> <span class='ocrx_word' id='word_1_176' title='bbox 1347 1952 1411 2017; x_wconf 88' lang='grc'><strong>5.</strong></span> <span class='ocrx_word' id='word_1_177' title='bbox 1453 1950 1667 2038; x_wconf 79' lang='lat' dir='ltr'><strong><em>Quaer.</em></strong></span> <span class='ocrx_word' id='word_1_178' title='bbox 1702 1973 1787 2014; x_wconf 85' lang='lat' dir='ltr'><strong><em>an</em></strong></span> <span class='ocrx_word' id='word_1_179' title='bbox 1821 1949 2146 2015; x_wconf 70' lang='lat' dir='ltr'><strong><em>simulatio</em></strong></span> <span class='ocrx_word' id='word_1_180' title='bbox 2172 1953 2258 2016; x_wconf 85' lang='lat' dir='ltr'><strong><em>sit</em></strong></span> <span class='ocrx_word' id='word_1_181' title='bbox 2288 1949 2643 2040; x_wconf 58' lang='lat' dir='ltr'><strong><em>aliquando</em></strong></span> 
     </span>
     <span class='ocr_line' id='line_1_21' title="bbox 353 2035 1944 2142; baseline 0.002 -42"><span class='ocrx_word' id='word_1_182' title='bbox 353 2087 440 2142; x_wconf 56' lang='lat'><strong><em>¹5¹</em></strong></span> <span class='ocrx_word' id='word_1_183' title='bbox 712 2035 927 2102; x_wconf 81' lang='lat' dir='ltr'><strong><em>licita?</em></strong></span> <span class='ocrx_word' id='word_1_184' title='bbox 1335 2060 1343 2065; x_wconf 92' lang='grc'><em>·</em></span> <span class='ocrx_word' id='word_1_185' title='bbox 1935 2086 1944 2096; x_wconf 81' lang='grc'><strong>.</strong></span> 
     </span>
     <span class='ocr_line' id='line_1_22' title="bbox 557 2216 2644 2369; baseline -0.003 -20"><span class='ocrx_word' id='word_1_186' title='bbox 557 2298 595 2334; x_wconf 80' lang='lat'><strong><em>¹·</em></strong></span> <span class='ocrx_word' id='word_1_187' title='bbox 673 2216 939 2349; x_wconf 73' lang='lat' dir='ltr'><strong><em>Resr.</em></strong></span> <span class='ocrx_word' id='word_1_188' title='bbox 989 2271 1248 2345; x_wconf 81' lang='lat' dir='ltr'><strong><em>Jurare</em></strong></span> <span class='ocrx_word' id='word_1_189' title='bbox 1280 2295 1448 2344; x_wconf 87' lang='lat' dir='ltr'><strong><em>cum</em></strong></span> <span class='ocrx_word' id='word_1_190' title='bbox 1484 2267 2090 2369; x_wconf 75' lang='lat' dir='ltr'><strong><em>aequivocatione,</em></strong></span> <span class='ocrx_word' id='word_1_191' title='bbox 2132 2265 2435 2368; x_wconf 69' lang='lat' dir='ltr'><strong><em>quando</em></strong></span> <span class='ocrx_word' id='word_1_192' title='bbox 2485 2272 2644 2368; x_wconf 80' lang='lat' dir='ltr'><strong><em>jus-</em></strong></span> 
     </span>
    </p>

    <p class='ocr_par' dir='ltr' id='par_1_11' title="bbox 457 2365 2635 2468">
     <span class='ocr_line' id='line_1_23' title="bbox 457 2365 2635 2468; baseline 0.002 -36"><span class='ocrx_word' id='word_1_193' title='bbox 457 2395 499 2432; x_wconf 80' lang='lat'><strong>»</strong></span> <span class='ocrx_word' id='word_1_194' title='bbox 558 2379 626 2438; x_wconf 83' lang='lat' dir='ltr'><strong><em>ta</em></strong></span> <span class='ocrx_word' id='word_1_195' title='bbox 645 2386 857 2441; x_wconf 81' lang='lat' dir='ltr'><strong><em>cansa</em></strong></span> <span class='ocrx_word' id='word_1_196' title='bbox 882 2382 1011 2455; x_wconf 84' lang='lat' dir='ltr'><strong><em>est,</em></strong></span> <span class='ocrx_word' id='word_1_197' title='bbox 1033 2384 1106 2442; x_wconf 81' lang='lat' dir='ltr'><strong><em>et</em></strong></span> <span class='ocrx_word' id='word_1_198' title='bbox 1122 2369 1276 2468; x_wconf 83' lang='lat' dir='ltr'><strong><em>ipsa</em></strong></span> <span class='ocrx_word' id='word_1_199' title='bbox 1296 2369 1768 2467; x_wconf 73' lang='lat' dir='ltr'><strong><em>aequivocatio</em></strong></span> <span class='ocrx_word' id='word_1_200' title='bbox 1783 2365 1981 2453; x_wconf 85' lang='lat' dir='ltr'><strong><em>licet,</em></strong></span> <span class='ocrx_word' id='word_1_201' title='bbox 2010 2392 2159 2440; x_wconf 86' lang='lat' dir='ltr'><strong><em>non</em></strong></span> <span class='ocrx_word' id='word_1_202' title='bbox 2182 2382 2291 2440; x_wconf 86' lang='lat' dir='ltr'><strong><em>est</em></strong></span> <span class='ocrx_word' id='word_1_203' title='bbox 2306 2368 2588 2440; x_wconf 83' lang='lat' dir='ltr'><strong><em>malum</em></strong></span> <span class='ocrx_word' id='word_1_204' title='bbox 2610 2396 2635 2437; x_wconf 73' lang='grc' dir='ltr'><strong><em>ε</em></strong></span> 
     </span>
    </p>

    <p class='ocr_par' dir='ltr' id='par_1_12' title="bbox 459 2464 2644 2563">
     <span class='ocr_line' id='line_1_24' title="bbox 459 2464 2644 2563; baseline 0.001 -28"><span class='ocrx_word' id='word_1_205' title='bbox 459 2494 503 2534; x_wconf 82' lang='lat'>»</span> <span class='ocrx_word' id='word_1_206' title='bbox 563 2468 735 2563; x_wconf 61' lang='lat' dir='ltr'><strong><em>quie</em></strong></span> <span class='ocrx_word' id='word_1_207' title='bbox 775 2464 902 2537; x_wconf 87' lang='lat' dir='ltr'><strong><em>uhi</em></strong></span> <span class='ocrx_word' id='word_1_208' title='bbox 929 2481 1036 2538; x_wconf 84' lang='lat' dir='ltr'><strong><em>est</em></strong></span> <span class='ocrx_word' id='word_1_209' title='bbox 1070 2475 1185 2563; x_wconf 80' lang='lat' dir='ltr'><strong><em>jus</em></strong></span> <span class='ocrx_word' id='word_1_210' title='bbox 1211 2465 1638 2540; x_wconf 82' lang='lat' dir='ltr'><strong><em>occultandi</em></strong></span> <span class='ocrx_word' id='word_1_211' title='bbox 1662 2465 2077 2553; x_wconf 75' lang='lat' dir='ltr'><strong><em>veritatem,</em></strong></span> <span class='ocrx_word' id='word_1_212' title='bbox 2110 2478 2184 2538; x_wconf 85' lang='lat' dir='ltr'><strong><em>et</em></strong></span> <span class='ocrx_word' id='word_1_213' title='bbox 2210 2466 2644 2550; x_wconf 79' lang='lat' dir='ltr'><strong><em>occultatur</em></strong></span> 
     </span>
    </p>

    <p class='ocr_par' dir='ltr' id='par_1_13' title="bbox 458 2560 2636 2659">
     <span class='ocr_line' id='line_1_25' title="bbox 458 2560 2636 2659; baseline 0.004 -32"><span class='ocrx_word' id='word_1_214' title='bbox 458 2590 495 2627; x_wconf 67' lang='lat' dir='ltr'>a</span> <span class='ocrx_word' id='word_1_215' title='bbox 550 2560 714 2639; x_wconf 67' lang='grc'><strong>,31110</strong></span> <span class='ocrx_word' id='word_1_216' title='bbox 750 2563 1154 2636; x_wconf 79' lang='lat' dir='ltr'><strong><em>&#39;mendacio</em></strong></span> <span class='ocrx_word' id='word_1_217' title='bbox 1186 2619 1205 2650; x_wconf 87' lang='lat'>,</span> <span class='ocrx_word' id='word_1_218' title='bbox 1265 2561 1476 2635; x_wconf 87' lang='lat' dir='ltr'><strong><em>nulla</em></strong></span> <span class='ocrx_word' id='word_1_219' title='bbox 1533 2563 1991 2636; x_wconf 81' lang='lat' dir='ltr'><strong><em>irreverentia</em></strong></span> <span class='ocrx_word' id='word_1_220' title='bbox 2047 2564 2132 2636; x_wconf 82' lang='lat' dir='ltr'><strong><em>fit</em></strong></span> <span class='ocrx_word' id='word_1_221' title='bbox 2190 2568 2636 2659; x_wconf 59' lang='lat' dir='ltr'><strong><em>juramenta</em></strong></span> 
     </span>
    </p>

    <p class='ocr_par' dir='ltr' id='par_1_14' title="bbox 463 2659 2645 2761">
     <span class='ocr_line' id='line_1_26' title="bbox 463 2659 2645 2761; baseline 0.003 -34"><span class='ocrx_word' id='word_1_222' title='bbox 463 2687 504 2727; x_wconf 85' lang='lat'>»</span> <span class='ocrx_word' id='word_1_223' title='bbox 557 2660 780 2754; x_wconf 87' lang='lat' dir='ltr'><strong><em>Quod</em></strong></span> <span class='ocrx_word' id='word_1_224' title='bbox 811 2661 871 2734; x_wconf 80' lang='lat' dir='ltr'><strong><em>si</em></strong></span> <span class='ocrx_word' id='word_1_225' title='bbox 908 2661 1063 2735; x_wconf 74' lang='lat' dir='ltr'><strong><em>sine</em></strong></span> <span class='ocrx_word' id='word_1_226' title='bbox 1101 2667 1288 2759; x_wconf 75' lang='lat' dir='ltr'><strong><em>justa</em></strong></span> <span class='ocrx_word' id='word_1_227' title='bbox 1316 2680 1530 2734; x_wconf 77' lang='lat' dir='ltr'><strong><em>causa</em></strong></span> <span class='ocrx_word' id='word_1_228' title='bbox 1563 2661 1721 2745; x_wconf 84' lang='lat' dir='ltr'><strong><em>fiat,</em></strong></span> <span class='ocrx_word' id='word_1_229' title='bbox 1758 2686 1910 2732; x_wconf 88' lang='lat' dir='ltr'><strong><em>non</em></strong></span> <span class='ocrx_word' id='word_1_230' title='bbox 1942 2659 2079 2732; x_wconf 85' lang='lat' dir='ltr'><strong><em>erit</em></strong></span> <span class='ocrx_word' id='word_1_231' title='bbox 2113 2661 2421 2761; x_wconf 87' lang='lat' dir='ltr'><strong><em>quidem</em></strong></span> <span class='ocrx_word' id='word_1_232' title='bbox 2454 2686 2645 2761; x_wconf 87' lang='lat' dir='ltr'><strong><em>per-</em></strong></span> 
     </span>
    </p>

    <p class='ocr_par' dir='ltr' id='par_1_15' title="bbox 455 2756 2647 3415">
     <span class='ocr_line' id='line_1_27' title="bbox 456 2756 2647 2855; baseline 0.005 -32"><span class='ocrx_word' id='word_1_233' title='bbox 456 2787 495 2823; x_wconf 77' lang='lat'>»</span> <span class='ocrx_word' id='word_1_234' title='bbox 553 2761 834 2831; x_wconf 87' lang='lat' dir='ltr'><strong><em>·&#39;urium</em></strong></span> <span class='ocrx_word' id='word_1_235' title='bbox 870 2786 1042 2831; x_wconf 89' lang='lat' dir='ltr'><strong><em>cum</em></strong></span> <span class='ocrx_word' id='word_1_236' title='bbox 1070 2758 1326 2832; x_wconf 81' lang='lat' dir='ltr'><strong><em>saltem</em></strong></span> <span class='ocrx_word' id='word_1_237' title='bbox 1362 2756 1769 2831; x_wconf 64' lang='lat' dir='ltr'><strong><em>secundum</em></strong></span> <span class='ocrx_word' id='word_1_238' title='bbox 1804 2756 2126 2855; x_wconf 81' lang='lat' dir='ltr'><strong><em>aliquem</em></strong></span> <span class='ocrx_word' id='word_1_239' title='bbox 2152 2770 2453 2832; x_wconf 84' lang='lat' dir='ltr'><strong><em>sensum</em></strong></span> <span class='ocrx_word' id='word_1_240' title='bbox 2480 2785 2647 2833; x_wconf 86' lang='lat' dir='ltr'><strong><em>ver-</em></strong></span> 
     </span>
     <span class='ocr_line' id='line_1_28' title="bbox 456 2785 2637 2954; baseline -0.001 -26"><span class='ocrx_word' id='word_1_241' title='bbox 456 2885 493 2920; x_wconf 80' lang='lat'><strong>»</strong></span> <span class='ocrx_word' id='word_1_242' title='bbox 555 2785 856 2947; x_wconf 78' lang='grc'><strong>110111111,</strong></span> <span class='ocrx_word' id='word_1_243' title='bbox 897 2855 1011 2930; x_wconf 87' lang='lat' dir='ltr'><strong><em>vel</em></strong></span> <span class='ocrx_word' id='word_1_244' title='bbox 1062 2858 1596 2931; x_wconf 81' lang='lat' dir='ltr'><strong><em>restrictionem</em></strong></span> <span class='ocrx_word' id='word_1_245' title='bbox 1639 2855 2032 2927; x_wconf 78' lang='lat' dir='ltr'><strong><em>mentalem</em></strong></span> <span class='ocrx_word' id='word_1_246' title='bbox 2069 2883 2328 2929; x_wconf 83' lang='lat' dir='ltr'><strong><em>ver-um</em></strong></span> <span class='ocrx_word' id='word_1_247' title='bbox 2378 2863 2575 2954; x_wconf 80' lang='lat' dir='ltr'><strong><em>juret</em></strong></span> <span class='ocrx_word' id='word_1_248' title='bbox 2611 2885 2637 2926; x_wconf 74' lang='lat' dir='ltr'>t</span> 
     </span>
     <span class='ocr_line' id='line_1_29' title="bbox 456 2953 2636 3057; baseline 0 -31"><span class='ocrx_word' id='word_1_249' title='bbox 456 2983 492 3017; x_wconf 75' lang='lat' dir='ltr'><strong><em>n</em></strong></span> <span class='ocrx_word' id='word_1_250' title='bbox 558 2954 695 3026; x_wconf 88' lang='lat' dir='ltr'><strong><em>erit</em></strong></span> <span class='ocrx_word' id='word_1_251' title='bbox 732 2969 972 3027; x_wconf 78' lang='lat' dir='ltr'><strong><em>tamen</em></strong></span> <span class='ocrx_word' id='word_1_252' title='bbox 990 2981 1077 3031; x_wconf 85' lang='lat' dir='ltr'><strong><em>ex</em></strong></span> <span class='ocrx_word' id='word_1_253' title='bbox 1103 2980 1362 3057; x_wconf 53' lang='lat' dir='ltr'><strong><em>genepe</em></strong></span> <span class='ocrx_word' id='word_1_254' title='bbox 1388 2980 1524 3027; x_wconf 81' lang='lat' dir='ltr'><strong><em>suo</em></strong></span> <span class='ocrx_word' id='word_1_255' title='bbox 1543 2953 1856 3025; x_wconf 80' lang='lat' dir='ltr'><strong><em>mortale</em></strong></span> <span class='ocrx_word' id='word_1_256' title='bbox 1883 2960 2139 3027; x_wconf 56' lang='lat' dir='ltr'><strong><em>contre</em></strong></span> <span class='ocrx_word' id='word_1_257' title='bbox 2165 2955 2636 3053; x_wconf 82' lang='lat' dir='ltr'><strong><em>religionem,</em></strong></span> 
     </span>
     <span class='ocr_line' id='line_1_30' title="bbox 456 3050 2643 3150; baseline 0.002 -29"><span class='ocrx_word' id='word_1_258' title='bbox 456 3081 498 3121; x_wconf 87' lang='lat'>»</span> <span class='ocrx_word' id='word_1_259' title='bbox 558 3054 854 3123; x_wconf 86' lang='lat' dir='ltr'><strong><em>cum-sit</em></strong></span> <span class='ocrx_word' id='word_1_260' title='bbox 891 3053 1119 3148; x_wconf 78' lang='lat' dir='ltr'><strong><em>gra-vis</em></strong></span> <span class='ocrx_word' id='word_1_261' title='bbox 1159 3054 1662 3136; x_wconf 84' lang='lat' dir='ltr'><strong><em>irreverentia,</em></strong></span> <span class='ocrx_word' id='word_1_262' title='bbox 1712 3050 1808 3122; x_wconf 85' lang='lat' dir='ltr'><strong><em>ad</em></strong></span> <span class='ocrx_word' id='word_1_263' title='bbox 1842 3050 2156 3124; x_wconf 81' lang='lat' dir='ltr'><strong><em>alterum</em></strong></span> <span class='ocrx_word' id='word_1_264' title='bbox 2191 3053 2267 3124; x_wconf 89' lang='lat' dir='ltr'><strong><em>in</em></strong></span> <span class='ocrx_word' id='word_1_265' title='bbox 2315 3077 2393 3124; x_wconf 87' lang='lat' dir='ltr'><strong><em>re</em></strong></span> <span class='ocrx_word' id='word_1_266' title='bbox 2434 3054 2643 3150; x_wconf 81' lang='lat' dir='ltr'><strong><em>gravi</em></strong></span> 
     </span>
     <span class='ocr_line' id='line_1_31' title="bbox 456 3147 2647 3248; baseline 0.004 -34"><span class='ocrx_word' id='word_1_267' title='bbox 456 3179 493 3214; x_wconf 67' lang='lat' dir='ltr'><strong><em>n</em></strong></span> <span class='ocrx_word' id='word_1_268' title='bbox 559 3147 1116 3241; x_wconf 80' lang='lat' dir='ltr'><strong><em>decipiendum,</em></strong></span> <span class='ocrx_word' id='word_1_269' title='bbox 1148 3173 1503 3247; x_wconf 67' lang='lat' dir='ltr'><strong><em>usurpare</em></strong></span> <span class='ocrx_word' id='word_1_270' title='bbox 1531 3152 2048 3248; x_wconf 80' lang='lat' dir='ltr'><strong><em>juramentum.</em></strong></span> <span class='ocrx_word' id='word_1_271' title='bbox 2080 3150 2187 3222; x_wconf 73' lang='grc' dir='ltr'><strong><em>Ιιὲ</em></strong></span> <span class='ocrx_word' id='word_1_272' title='bbox 2216 3151 2647 3225; x_wconf 82' lang='grc' dir='ltr'><strong>00111111υηί-</strong></span> 
     </span>
     <span class='ocr_line' id='line_1_32' title="bbox 456 3243 2635 3413; baseline 0.005 -102"><span class='ocrx_word' id='word_1_273' title='bbox 456 3277 494 3311; x_wconf 83' lang='grc'>»</span> <span class='ocrx_word' id='word_1_274' title='bbox 555 3260 667 3413; x_wconf 68' lang='grc'><strong>1031·</strong></span> <span class='ocrx_word' id='word_1_275' title='bbox 704 3245 863 3318; x_wconf 89' lang='lat' dir='ltr'><strong><em>DD.</em></strong></span> <span class='ocrx_word' id='word_1_276' title='bbox 902 3245 1163 3319; x_wconf 84' lang='lat' dir='ltr'><strong><em>Sanch.</em></strong></span> <span class='ocrx_word' id='word_1_277' title='bbox 1196 3246 1311 3318; x_wconf 81' lang='lat' dir='ltr'><em>lib.</em></span> <span class='ocrx_word' id='word_1_278' title='bbox 1358 3244 1424 3317; x_wconf 86' lang='lat'><strong><em>3.</em></strong></span> <span class='ocrx_word' id='word_1_279' title='bbox 1466 3273 1621 3343; x_wconf 84' lang='lat' dir='ltr'><strong><em>cap.</em></strong></span> <span class='ocrx_word' id='word_1_280' title='bbox 1656 3243 1705 3316; x_wconf 90' lang='lat'>6</span> <span class='ocrx_word' id='word_1_281' title='bbox 1730 3246 1917 3318; x_wconf 80' lang='lat' dir='ltr'><strong><em>Bon..</em></strong></span> <span class='ocrx_word' id='word_1_282' title='bbox 1937 3274 2016 3343; x_wconf 80' lang='lat' dir='ltr'><strong><em>p.</em></strong></span> <span class='ocrx_word' id='word_1_283' title='bbox 2065 3273 2146 3319; x_wconf 83' lang='lat'><strong><em>12</em></strong></span> <span class='ocrx_word' id='word_1_284' title='bbox 2180 3246 2635 3351; x_wconf 39' lang='lat' dir='ltr'><strong><em>Laym2cap.</em></strong></span> 
     </span>
     <span class='ocr_line' id='line_1_33' title="bbox 455 3371 2224 3415; baseline -0.001 -7"><span class='ocrx_word' id='word_1_285' title='bbox 455 3373 492 3408; x_wconf 65' lang='lat'>8</span> <span class='ocrx_word' id='word_1_286' title='bbox 567 3371 589 3415; x_wconf 85' lang='lat'>1</span> <span class='ocrx_word' id='word_1_287' title='bbox 660 3398 674 3415; x_wconf 65' lang='lat'>0</span> <span class='ocrx_word' id='word_1_288' title='bbox 728 3373 762 3406; x_wconf 59' lang='grc' dir='ltr'><strong><em>ἱ)</em></strong></span> <span class='ocrx_word' id='word_1_289' title='bbox 1060 3385 1073 3391; x_wconf 72' lang='grc'><strong>’</strong></span> <span class='ocrx_word' id='word_1_290' title='bbox 1173 3402 1177 3409; x_wconf 85' lang='grc'><strong>,</strong></span> <span class='ocrx_word' id='word_1_291' title='bbox 2219 3376 2224 3381; x_wconf 87' lang='grc'><strong>“</strong></span> 
     </span>
    </p>

    <p class='ocr_par' dir='ltr' id='par_1_16' title="bbox 451 3436 2644 3903">
     <span class='ocr_line' id='line_1_34' title="bbox 556 3436 2638 3539; baseline 0.002 -27"><span class='ocrx_word' id='word_1_292' title='bbox 556 3440 675 3512; x_wconf 89' lang='lat' dir='ltr'><strong><em>Ad</em></strong></span> <span class='ocrx_word' id='word_1_293' title='bbox 714 3443 1066 3537; x_wconf 84' lang='lat' dir='ltr'><strong><em>majorem</em></strong></span> <span class='ocrx_word' id='word_1_294' title='bbox 1105 3440 1507 3512; x_wconf 81' lang='lat' dir='ltr'><strong><em>claritatem</em></strong></span> <span class='ocrx_word' id='word_1_295' title='bbox 1543 3465 1677 3539; x_wconf 88' lang='lat' dir='ltr'><strong><em>pro</em></strong></span> <span class='ocrx_word' id='word_1_296' title='bbox 1721 3438 1844 3512; x_wconf 74' lang='lat' dir='ltr'><strong><em>hic</em></strong></span> <span class='ocrx_word' id='word_1_297' title='bbox 1878 3436 2089 3514; x_wconf 86' lang='lat' dir='ltr'><strong><em>dictis</em></strong></span> <span class='ocrx_word' id='word_1_298' title='bbox 2120 3497 2138 3531; x_wconf 87' lang='lat'>‚</span> <span class='ocrx_word' id='word_1_299' title='bbox 2177 3456 2252 3514; x_wconf 83' lang='lat' dir='ltr'><strong><em>et</em></strong></span> <span class='ocrx_word' id='word_1_300' title='bbox 2293 3441 2638 3518; x_wconf 54' lang='lat' dir='ltr'><strong><em>dicendi&amp;</em></strong></span> 
     </span>
     <span class='ocr_line' id='line_1_35' title="bbox 456 3537 2640 3637; baseline 0.003 -28"><span class='ocrx_word' id='word_1_301' title='bbox 456 3538 539 3609; x_wconf 88' lang='lat' dir='ltr'><strong><em>in</em></strong></span> <span class='ocrx_word' id='word_1_302' title='bbox 571 3537 712 3617; x_wconf 77' lang='lat' dir='ltr'><strong><em>hac</em></strong></span> <span class='ocrx_word' id='word_1_303' title='bbox 751 3538 1050 3613; x_wconf 82' lang='lat' dir='ltr'><strong><em>materia</em></strong></span> <span class='ocrx_word' id='word_1_304' title='bbox 1080 3552 1231 3610; x_wconf 85' lang='lat' dir='ltr'><strong><em>tam</em></strong></span> <span class='ocrx_word' id='word_1_305' title='bbox 1264 3538 1584 3623; x_wconf 85' lang='lat' dir='ltr'><strong><em>difficili,</em></strong></span> <span class='ocrx_word' id='word_1_306' title='bbox 1618 3537 1831 3636; x_wconf 81' lang='lat' dir='ltr'><strong><em>plura</em></strong></span> <span class='ocrx_word' id='word_1_307' title='bbox 1874 3553 2048 3611; x_wconf 84' lang='lat' dir='ltr'><strong><em>sunt</em></strong></span> <span class='ocrx_word' id='word_1_308' title='bbox 2084 3540 2640 3637; x_wconf 83' lang='lat' dir='ltr'><strong><em>distinguenda.</em></strong></span> 
     </span>
     <span class='ocr_line' id='line_1_36' title="bbox 457 3632 2643 3733; baseline 0.001 -24"><span class='ocrx_word' id='word_1_309' title='bbox 457 3632 708 3709; x_wconf 80' lang='lat' dir='ltr'><strong><em>Primo</em></strong></span> <span class='ocrx_word' id='word_1_310' title='bbox 762 3634 927 3707; x_wconf 90' lang='lat' dir='ltr'><strong><em>loco</em></strong></span> <span class='ocrx_word' id='word_1_311' title='bbox 985 3634 1630 3733; x_wconf 81' lang='lat' dir='ltr'><strong><em>distinguendum,</em></strong></span> <span class='ocrx_word' id='word_1_312' title='bbox 1681 3635 1900 3709; x_wconf 84' lang='lat' dir='ltr'><strong><em>aliam</em></strong></span> <span class='ocrx_word' id='word_1_313' title='bbox 1948 3662 2101 3709; x_wconf 88' lang='lat' dir='ltr'><strong><em>esse</em></strong></span> <span class='ocrx_word' id='word_1_314' title='bbox 2153 3639 2643 3733; x_wconf 75' lang='lat' dir='ltr'><strong><em>Amphibolo-</em></strong></span> 
     </span>
     <span class='ocr_line' id='line_1_37' title="bbox 451 3731 2644 3898; baseline 0.003 -94"><span class='ocrx_word' id='word_1_315' title='bbox 451 3734 646 3898; x_wconf 44' lang='lat' dir='ltr'><strong><em>giam</em></strong></span> <span class='ocrx_word' id='word_1_316' title='bbox 671 3792 687 3819; x_wconf 91' lang='lat'><strong>,</strong></span> <span class='ocrx_word' id='word_1_317' title='bbox 718 3731 863 3806; x_wconf 73' lang='lat' dir='ltr'><strong><em>sive</em></strong></span> <span class='ocrx_word' id='word_1_318' title='bbox 897 3734 1581 3840; x_wconf 65' lang='lat' dir='ltr'><strong><em>aequivocationem3</em></strong></span> <span class='ocrx_word' id='word_1_319' title='bbox 1618 3733 1837 3805; x_wconf 85' lang='lat' dir='ltr'><strong><em>aliam</em></strong></span> <span class='ocrx_word' id='word_1_320' title='bbox 1860 3734 2401 3810; x_wconf 58' lang='lat' dir='ltr'><strong><em>Restat-abnam</em></strong></span> <span class='ocrx_word' id='word_1_321' title='bbox 2437 3763 2644 3810; x_wconf 87' lang='lat' dir='ltr'><strong><em>men-</em></strong></span> 
     </span>
     <span class='ocr_line' id='line_1_38' title="bbox 457 3848 2230 3903; baseline -0.001 0"><span class='ocrx_word' id='word_1_322' title='bbox 457 3848 533 3903; x_wconf 78' lang='lat' dir='ltr'><strong><em>ta</em></strong></span> <span class='ocrx_word' id='word_1_323' title='bbox 564 3857 700 3903; x_wconf 70' lang='lat' dir='ltr'><strong><em>em.</em></strong></span> <span class='ocrx_word' id='word_1_324' title='bbox 2227 3884 2230 3887; x_wconf 93' lang='lat'>-</span> 
     </span>
    </p>

    <p class='ocr_par' dir='ltr' id='par_1_17' title="bbox 459 3925 2646 4228">
     <span class='ocr_line' id='line_1_39' title="bbox 518 3925 2646 4031; baseline 0.005 -35"><span class='ocrx_word' id='word_1_325' title='bbox 518 3925 1097 4025; x_wconf 46' lang='lat' dir='ltr'><strong><em>[Amphibologia</em></strong></span> <span class='ocrx_word' id='word_1_326' title='bbox 1145 3927 1418 4025; x_wconf 80' lang='lat' dir='ltr'><strong><em>triplici</em></strong></span> <span class='ocrx_word' id='word_1_327' title='bbox 1461 3926 1686 4000; x_wconf 88' lang='lat' dir='ltr'><strong><em>modo</em></strong></span> <span class='ocrx_word' id='word_1_328' title='bbox 1727 3953 1883 4002; x_wconf 84' lang='lat' dir='ltr'><strong><em>esse</em></strong></span> <span class='ocrx_word' id='word_1_329' title='bbox 1923 3931 2280 4029; x_wconf 49' lang='lat' dir='ltr'><strong><em>potest..I.</em></strong></span> <span class='ocrx_word' id='word_1_330' title='bbox 2325 3932 2646 4031; x_wconf 61' lang='lat' dir='ltr'><strong><em>quand&amp;</em></strong></span> 
     </span>
     <span class='ocr_line' id='line_1_40' title="bbox 459 4023 2640 4128; baseline 0.003 -32"><span class='ocrx_word' id='word_1_331' title='bbox 459 4023 770 4096; x_wconf 77' lang='lat' dir='ltr'><strong><em>verbum</em></strong></span> <span class='ocrx_word' id='word_1_332' title='bbox 815 4024 1038 4109; x_wconf 82' lang='lat' dir='ltr'><strong><em>habet</em></strong></span> <span class='ocrx_word' id='word_1_333' title='bbox 1072 4024 1444 4125; x_wconf 73' lang='lat' dir='ltr'><strong><em>duplicem</em></strong></span> <span class='ocrx_word' id='word_1_334' title='bbox 1481 4051 1775 4099; x_wconf 88' lang='lat' dir='ltr'><strong><em>sensum</em></strong></span> <span class='ocrx_word' id='word_1_335' title='bbox 1807 4080 1826 4112; x_wconf 93' lang='lat'>‚</span> <span class='ocrx_word' id='word_1_336' title='bbox 1867 4026 2090 4126; x_wconf 69' lang='lat' dir='ltr'><strong><em>proiit</em></strong></span> <span class='ocrx_word' id='word_1_337' title='bbox 2132 4030 2310 4108; x_wconf 82' lang='lat' dir='ltr'><strong><em>Volo</em></strong></span> <span class='ocrx_word' id='word_1_338' title='bbox 2342 4032 2640 4128; x_wconf 79' lang='lat' dir='ltr'><strong><em>signifi-</em></strong></span> 
     </span>
     <span class='ocr_line' id='line_1_41' title="bbox 464 4122 2642 4228; baseline 0.005 -33"><span class='ocrx_word' id='word_1_339' title='bbox 464 4136 581 4197; x_wconf 77' lang='lat' dir='ltr'><strong><em>cat</em></strong></span> <span class='ocrx_word' id='word_1_340' title='bbox 605 4122 838 4226; x_wconf 58' lang='lat' dir='ltr'><strong><em>velle,</em></strong></span> <span class='ocrx_word' id='word_1_341' title='bbox 874 4137 948 4200; x_wconf 86' lang='lat' dir='ltr'><strong><em>et</em></strong></span> <span class='ocrx_word' id='word_1_342' title='bbox 979 4122 1242 4228; x_wconf 77' lang='lat' dir='ltr'><strong><em>volare.</em></strong></span> <span class='ocrx_word' id='word_1_343' title='bbox 1275 4124 1366 4200; x_wconf 86' lang='lat' dir='ltr'><strong><em>II.</em></strong></span> <span class='ocrx_word' id='word_1_344' title='bbox 1406 4123 1721 4220; x_wconf 69' lang='lat' dir='ltr'><strong><em>Quando</em></strong></span> <span class='ocrx_word' id='word_1_345' title='bbox 1756 4151 1996 4200; x_wconf 86' lang='lat' dir='ltr'><strong><em>sermo</em></strong></span> <span class='ocrx_word' id='word_1_346' title='bbox 2030 4125 2418 4227; x_wconf 85' lang='lat' dir='ltr'><strong><em>duplicem</em></strong></span> <span class='ocrx_word' id='word_1_347' title='bbox 2454 4156 2642 4206; x_wconf 82' lang='lat' dir='ltr'><strong><em>sen-</em></strong></span> 
     </span>
    </p>
   </div>
  </div>
 </body>
</html>
