2934 4734
483 258 609 328 258
665 260 884 327 L.-1n.
915 261 1131 327 Tract.
1156 260 1273 325 111.
1295 261 1394 326 De
1420 261 1643 328 Tertio
1669 215 1734 328 et
1756 259 2005 349 Quarto
2024 259 2222 326 Proec.
2241 257 2466 328 Decal.
2546 329 2556 335 ,

471 389 650 447 sect.
691 376 766 466 4.
807 373 1083 468 infine,
1121 372 1314 446 Ναν.
1346 400 1410 445 c.
1449 399 1566 446 2ι.
1601 399 1674 445 n.
1728 397 1798 470 7.
1833 373 2058 458 Azor.
2093 390 2146 447 t.
2190 401 2249 447 1.
2284 375 2332 447 l.
2369 399 2436 473 7.
2470 400 2536 448 c.
2578 398 2663 447 2.

481 495 551 567 q,
597 498 661 544 ι.
694 486 767 544 et
800 470 1022 545 Salm.
1080 498 1139 543 c.
1212 497 1271 543 ι.
1332 496 1406 542 n.
1473 474 1631 545 152.
1657 497 1813 544 cum
1843 474 2174 570 Fagund.
2205 497 2294 544 ac
2325 473 2547 545 Dian.
2583 498 2664 568 p.

492 592 601 641 10.
649 586 736 642 tr.
783 595 889 642 ι2.
925 570 1018 644 R.
1058 572 1176 668 37.
1214 572 1343 692 qui
1377 570 1569 644 hanc
1604 573 2038 644 sententiam
2078 568 2662 670 probabiliorem

481 682 749 743 vocant
781 673 1065 756 (contra
1099 694 1275 744 vero
1313 695 1463 741 non
1498 683 1875 759 tenentur,
1901 671 1963 742 si
1991 685 2157 768 post
2185 674 2667 770 septennium

482 763 728 838 adhuc
759 793 891 838 usu
927 769 1237 840 rationis
1252 782 1639 856 carerent.)
1666 768 1871 841 Ratio
1900 826 1918 854 ‚
1946 768 2268 868 quia-lex
2301 769 2433 841 ista
2463 766 2668 841 obli-

490 877 611 959 gat
649 883 903 938 omnes
933 920 954 951 ‚
987 868 1114 964 qui
1157 866 1251 937 ad
1280 893 1510 940 annos
1535 866 1994 941 discretionis
2016 867 2477 966 perveniunt.
2512 864 2673 938 Sed

480 985 636 1033 non
675 963 1039 1036 immerito
1093 967 1530 1039 sententiam
1573 966 1984 1063 oppositam
2018 963 2474 1065 probabilem
2619 1003 2669 1020 -

484 1073 645 1132 tant
686 1061 896 1133 Elbel
921 1062 1010 1133 de
1041 1063 1211 1161 Lag.
1250 1090 1324 1138 n.
1367 1062 1549 1161 369..
1595 1064 1816 1136 Dian.
1873 1064 1926 1135 l.
1964 1091 2024 1137 c.
2060 1090 2219 1136 cum
2256 1063 2463 1137 Trull.
2571 1089 2665 1134 o·

474 1156 725 1234 castell.-
777 1174 854 1229 εἰ
909 1161 1314 1259 pasqualz'g.
1372 1189 1459 1233 ac
1499 1163 1714 1233 Crotiae·
1741 1160 1793 1232 l.
1839 1188 1897 1234 1.
1938 1187 2016 1232 n.
2049 1161 2216 1260 676.
2245 1189 2404 1235 cum
2435 1151 2665 1258 Burgss

480 1256 772 1355 Illrung.
806 1274 880 1329 et
901 1259 1028 1331 J0.
1062 1257 1325 1333 Sanch.
1372 1259 1687 1334 Zachar.
1719 1261 1768 1332 l.
1814 1260 1881 1331 3.
1905 1289 1982 1358 p.
2031 1288 2091 1332 ι.
2130 1286 2202 1332 n.
2240 1259 2413 1334 615.
2446 1283 2668 1331 nem-

481 1350 619 1454 pe,
665 1381 932 1455 pueros
983 1357 1150 1431 ante
1200 1358 1663 1457 septennium
1692 1417 1712 1444 ,
1751 1360 2032 1432 etiamsi
2083 1384 2297 1430 usum
2355 1359 2671 1430 rationis

481 1455 1001 1553 acquisierint,
1039 1481 1191 1528 non
1230 1457 1459 1529 teneri
1492 1457 1586 1527 ad
1618 1455 1832 1556 leges·
1870 1459 2206 1555 positivae
2234 1514 2253 1547 ‚
2292 1458 2464 1554 quia
2498 1459 2670 1529 istae

481 1577 633 1626 nou
668 1552 1032 1651 obligant,
1067 1553 1656 1629 nisi-secundum
1701 1556 2668 1651 communiter-contingen-

480 1650 582 1721 tia
606 1708 628 1736 ‚
662 1668 744 1723 ut
770 1652 1086 1725 habetur
1117 1655 1196 1727 iu
1233 1655 1284 1725 l.
1321 1653 1519 1725 Nam
1540 1653 1643 1724 ad
1667 1679 1776 1724 ea.
1791 1658 1891 1749 ff.
1920 1653 2009 1724 de
2038 1654 2204 1752 Leg.
2238 1653 2367 1726 ubi
2396 1683 2420 1724 .·
2450 1652 2668 1723 Nom

479 1749 588 1819 ad
615 1775 703 1822 ea
725 1750 968 1849 potitis
1002 1751 1207 1823 debet
1231 1753 1465 1849 aptari
1491 1747 1604 1844 jus
1633 1807 1652 1831 ,
1689 1749 2270 1851 ᾳιιω-Ῑὶεᾳιιεηίεν
2298 1768 2373 1821 et
2389 1751 2611 1839 facile
2642 1806 2670 1837 ,

476 1848 690 1944 ᾳιιὰηι
714 1876 868 1948 quoe
891 1855 1180 1945 pennu)
1216 1851 1584 1935 eveniunn
1614 1851 1771 1923 Hac
1817 1852 2037 1924 etiam
2066 1852 2346 1922 ratione
2381 1848 2480 1924 D.
2517 1849 2590 1920 T
2577 1849 2660 1921 lt.

424 2035 429 2040 .
476 1970 554 2017 -2,
596 1971 667 2030 2,
713 1975 782 2045 q.
844 1949 1002 2045 147.
1059 1973 1165 2022 ar.
1222 1951 1296 2042 4.
1353 1950 1456 2018 ad
1511 1974 1577 2019 2.
1637 1963 1935 2021 excusat
1967 1954 2006 2020 a
2042 1950 2321 2046 jejunio
2352 1951 2665 2046 juvenes

482 2041 652 2116 ante
708 2069 827 2117 21.
884 2071 1205 2131 annum,
1261 2047 1544 2118 etiamsi
1594 2045 1859 2148 aliquis
1916 2074 2065 2119 non
2117 2047 2478 2143 indigeret
2506 2045 2672 2116 fre·-

482 2144 738 2238 quenti
794 2141 959 2215 cibo
993 2172 1012 2213 :
1046 2143 1226 2244 Quid
1262 2148 1390 2242 (ut
1442 2147 1580 2237 ait)
1615 2144 2004 2242 Legirlator
2044 2144 2340 2217 attendit
2365 2143 2444 2215 id
2470 2145 2682 2242 quod

478 2240 938 2313 commum‘ter
978 2256 1048 2314 et
1095 2243 1169 2313 in
1208 2243 1517 2341 pluribus
1566 2243 1838 2317 accidit.
1875 2243 2082 2317 Idem
2119 2257 2363 2315 autem
2396 2240 2676 2315 dicunt.

479 2336 837 2426 Sanctius,
866 2340 1062 2413 Dian
1091 2358 1167 2412 et
1191 2339 1456 2437 Burgb.
1490 2342 1687 2439 apud
1712 2342 1929 2414 Croisc
1954 2343 2001 2415 l.
2031 2342 2103 2415 6.
2121 2367 2198 2437 p.
2226 2367 2295 2413 2.
2329 2366 2407 2411 n.
2439 2341 2667 2414 2026.

475 2434 577 2506 de
609 2459 843 2535 praece
903 2455 977 2511 to
1010 2465 1271 2512 annuae
1306 2438 1801 2512 Confessiouis
1829 2465 1846 2525 3
1878 2439 2020 2511 Sed
2051 2439 2458 2512 tenendum
2477 2454 2667 2511 cum

480 2534 650 2609 Pal.
687 2537 777 2606 de
815 2466 1013 2612 hezer.
1053 2540 1255 2634 Pan.
1287 2565 1365 2632 p.
1420 2563 1535 2611 2ο.
1571 2539 1632 2635 ἓ.
1695 2565 1763 2611 2.
1821 2566 1895 2611 n.
1938 2564 2007 2610 2.
2063 2540 2191 2638 qui
2234 2536 2462 2622 dicit,
2497 2561 2670 2609 esse

479 2635 955 2709 communem
1010 2639 1476 2710 sententiam·
1513 2663 1685 2709 cum
1740 2636 1925 2728 ὃγίν.
1977 2635 2176 2708 Suar.
2227 2638 2405 2707 Con.
2453 2634 2658 2710 Ναν.

479 2732 728 2832 Laym.
772 2737 988 2837 Vasq.
1019 2735 1209 2809 Bon.
1243 2751 1374 2809 etc.
1420 2734 1613 2809 bene
1644 2730 1950 2832 obligari
1979 2735 2076 2807 ad
2101 2732 2666 2808 confessionem

478 2856 772 2930 pueros,
812 2835 1335 2908 conscientiam
1378 2834 1663 2934 peccati
1698 2832 2024 2906 mortalis
2051 2832 2409 2906 habentes
2431 2888 2448 2918 ,
2473 2830 2668 2905 dum

396 2940 409 2945 “
474 2954 571 3000 ex
594 2957 658 3001 c.
705 2933 954 3004 Omnis
987 2933 1335 3030 utrtiesque
1363 2938 1602 3004 >sextis
1628 2986 1649 3017 ‚
1703 2933 1793 3002 de
1827 2926 2030 3003 Pam.
2086 2947 2161 3002 et
2185 2958 2355 3005 rem.
2388 2930 2665 3029 praeci-

474 3029 680 3125 pitur
703 3087 721 3113 ,
770 3031 974 3129 quod
1033 3034 1271 3103 omnis
1343 3030 1584 3102 fidelis
1612 3086 1631 3115 ‚
1669 3043 2063 3128 postquam
2096 3029 2191 3101 ad
2228 3055 2462 3103 annos
2496 3028 2668 3100 dis-—

472 3128 820 3199 cretionis
874 3131 1325 3229 pervenerit,
1364 3143 1703 3201 teneatur
1737 3126 1832 3200 ad
1865 3154 2191 3201 annuam
2224 3128 2663 3201 Confessio-

474 3247 673 3298 nem.
720 3227 848 3296 Ad
893 3251 1129 3298 annos
1183 3226 1618 3298 dtis-aretiam&
1646 3284 1664 3310 ,
1722 3225 1911 3300 bene
1971 3226 2290 3324 explicat
2337 3225 2602 3297 Glossa
2636 3282 2658 3312 ‚

472 3321 659 3394 idest
686 3377 705 3407 ‚
749 3350 906 3395 cum
959 3339 1071 3395 est
1115 3322 1266 3396 doli
1298 3350 1562 3422 capax.
1593 3324 1767 3396 Post
1805 3326 2277 3423 septennium
2322 3321 2538 3409 verb,
2573 3325 2664 3396 in

479 3416 707 3493 dubio
756 3423 1057 3495 rationis
1096 3420 1380 3520 adeptae
1414 3426 1626 3523 pueri
1656 3422 1851 3496 certe
1886 3437 2236 3495 tenentur
2267 3423 2360 3497 ad
2385 3445 2662 3496 omues

476 3516 674 3615 leges
702 3574 720 3605 ‚
771 3523 940 3620 quia
996 3536 1176 3593 tunc
1221 3521 1378 3596 sine
1411 3520 1640 3594 dubio
1672 3523 2150 3622 praesumptio
2181 3548 2276 3594 -ex
2316 3546 2661 3593 commu-

475 3618 671 3693 niter
701 3617 1298 3719 contingentibus
1325 3635 1470 3703 stat
1504 3646 1637 3719 pro
1679 3619 2124 3716 obligatione
2145 3675 2163 3708 ,
2201 3634 2285 3693 ut
2318 3619 2536 3691 Elbel
2554 3617 2658 3690 ib.

476 3731 552 3789 et
586 3716 863 3792 Sorech.
930 3719 1118 3790 Bon.
1181 3719 1399 3790 Dian.
1460 3733 1591 3790 etc.
1630 3746 1747 3816 op.
1801 3719 2021 3793 Salm.
2061 3720 2136 3789 d.
2189 3743 2260 3789 n.
2308 3718 2660 3807 151.›Qui

473 3830 720 3891 eutem
757 3815 976 3889 simul
1019 3831 1209 3890 esset
1238 3843 1472 3890 caecus
1493 3874 1513 3907 ‚
1546 3834 1793 3890 mutus
1815 3874 1831 3902 ‚
1853 3832 1927 3891 et
1956 3816 2224 3890 surdus
2252 3843 2404 3912 non
2441 3830 2660 3888 tene·—

479 3928 683 3987 retur
710 3915 959 3988 adesse
986 3916 1242 4006 Missae,
1266 3917 1437 4015 quia
1465 3941 1617 3988 non
1646 3931 1890 4016 posset
1918 3932 2266 4017 praestare
2294 3915 2662 3987 moralem

478 4014 1002 4106 assistentiam3
1044 4014 1254 4089 secus
1281 4071 1305 4112 ,
1345 4017 1406 4087 si
1439 4013 1723 4087 tantum
1755 4017 1850 4087 sit
1887 4041 2126 4089 caecus
2149 4073 2168 4105 ‚
2202 4012 2319 4088 vel
2356 4010 2659 4085 surdus·

478 4112 700 4184 Croix
755 4114 807 4188 Ι.
867 4111 936 4190 3.
982 4142 1064 4212 p.
1136 4142 1196 4190 1.
1245 4139 1324 4188 ιι.
1359 4114 1534 4192 616.
1567 4115 1681 4188 An
1717 4128 2109 4198 teneantur
2142 4111 2508 4218 peregrini
2554 4110 2661 4187 ad
