2934 4734
536 279 661 374 i94
722 283 799 350 L.
823 282 939 350 111.
969 282 1186 352 Tract.
1212 283 1326 350 111.
1349 282 1449 350 De
1474 260 1696 354 Tertio
1722 298 1786 351 et
1809 282 2057 371 Quarto
2071 283 2269 356 Praec.
2291 285 2511 374 Deeal.

629 399 1095 471 Excusantur
1133 394 1355 496 igitur
1393 394 1637 468 viduae
1699 396 1980 484 ratione
2007 393 2282 490 ‘luctus
2313 453 2329 482 ,
2373 412 2453 470 ut
2502 397 2683 495 Spar.

529 503 605 568 n.
657 494 749 569 35
808 510 878 566 et
909 495 1069 565 Elb.
1101 520 1173 566 n.
1211 494 1352 586 384
1385 520 1467 565 ac
1499 494 1718 566 etiam
1755 493 1922 565 filiae
1954 549 1972 580 ‚
2004 508 2076 565 et
2112 519 2430 584 sororeS‚
2461 510 2542 568 ut
2568 494 2686 567 ad-
2809 533 2818 542 ·

532 590 644 665 dit
682 594 936 666 Mazz.
970 619 1125 665 cum
1163 590 1367 665 Suar.
1394 591 1543 663 Sed
1569 590 1791 686 talem
1817 592 2425 666 consuetudinem
2449 595 2688 694 (ajunt

528 691 693 762 Fc’ll.
744 689 980 763 Villal.
1039 705 1112 763 et
1163 689 1330 785 alii)
1374 717 1527 762 non
1558 714 1713 762 esse
1757 689 2298 764 extendendam
2338 716 2570 791 usque
2599 691 2688 765 ad

527 812 859 861 mensem
899 793 936 859 a
971 803 1205 861 morte
1236 787 1392 859 viri.
1426 788 1755 864 Menaem
1791 786 2077 861 tantum
2106 791 2437 888 permisit
2469 792 2537 862 S.
2568 790 2691 863 Ca·
2806 827 2814 852 ι

529 888 734 959 rolus
764 889 1219 961 Borromaeus
1252 888 1330 958 in
1357 887 1586 959 Conc.
1626 913 1685 961 1.
1724 886 2279 961 Mediolanensi.
2308 888 2687 980 Quamvis,

527 985 591 1056 si
632 985 774 1057 alia
807 999 997 1057 esset
1029 983 1486 1058 consuetudo
1516 986 1591 1055 in
1634 982 1885 1084 aliquo
1918 982 2120 1070 loeo,
2146 1010 2296 1057 non
2322 1011 2477 1058 esse
2496 983 2685 1059 dam-

530 1082 850 1155 nandam
889 1075 981 1155 de
1066 1096 1313 1155 eccato
1336 1082 1562 1180 gravi,
1599 1081 1865 1155 docent
1891 1083 2060 1154 Pal.
2083 1078 2244 1156 Dic..
2280 1085 2441 1154 etF
2438 1084 2529 1154 ill.
2547 1107 2690 1155 cum
2807 1083 2816 1100 '

526 1181 789 1253 caeteffi
817 1209 932 1278 ap.
994 1110 1210 1252 Jalm.
1244 1208 1321 1251 n.
1353 1180 1475 1253 82.
1514 1172 1673 1253 Illae
1701 1194 1950 1256 tamen
1982 1236 1999 1266 ,
2032 1207 2196 1280 quae
2228 1180 2267 1255 ὲ
2300 1180 2526 1255 domo
2552 1187 2680 1277 jam

522 1279 1011 1377 egrediuntur
1047 1279 1142 1350 ad
1185 1277 1369 1369 alia,
1426 1303 1579 1352 non
1631 1294 1807 1352 sunt
1856 1279 2323 1367 excusandae,
2380 1293 2465 1351 ut
2504 1276 2684 1355 recte

528 1391 794 1450 notant
831 1375 1045 1460 Salm.
1090 1376 1179 1447 ib.
1212 1402 1368 1449 cum
1397 1375 1564 1449 Pal.
1608 1376 1904 1454 Alicubi
1934 1379 2151 1452 etiam
2180 1404 2268 1450 ex
2298 1390 2685 1466 consuetu·-
2727 1415 2737 1432 .

527 1475 706 1548 dine
733 1475 1042 1574 virgines
1058 1459 1576 1571 excusa'ntuija
1601 1475 1813 1549 Missa
1836 1533 1855 1567 ‚
1889 1500 1981 1548 ne
2010 1476 2087 1547 in
2117 1475 2507 1575 publicum
2534 1479 2680 1547 exe·

418 1593 456 1651 ⁴!
526 1588 659 1647 ant
687 1630 705 1662 ‚
757 1571 981 1644 Salm,
1032 1599 1108 1647 n.
1172 1577 1256 1647 81
1313 1598 1471 1645 cum
1512 1572 1678 1647 Fili.
1724 1573 1889 1647 Pal.
1927 1590 2000 1645 et
2044 1574 2248 1647 Suar.
2289 1574 2422 1672 qui
2456 1588 2688 1648 tamen

526 1699 706 1745 cum
725 1672 943 1743 Azor.
981 1688 1053 1742 et
1075 1668 1339 1745 coeleris·
1357 1669 1626 1744 merito
1660 1670 2006 1757 advertit,
2043 1670 2264 1744 talem
2297 1663 2689 1744 consuetu-

531 1769 787 1844 dinem
824 1769 1347 1843 moderandam
1381 1794 1538 1842 esse
1563 1807 1592 1856 ,ἢ
1626 1768 1872 1869 quoad
1908 1769 2060 1842 fieri
2095 1783 2362 1869 potest.
2486 1769 2500 1782 “

631 1901 669 1936 »
729 1895 798 1967 7.
840 1869 1112 2037 SilJuis
1147 1894 1299 1940 non
1336 1866 1606 1939 habeat
1643 1882 1870 1964 vestes
1904 1872 2132 1950 statui.
2156 1895 2290 1941 suo
2329 1868 2678 1942 conveni·-

521 1992 574 2043 »
623 1982 869 2053 entes,
977 1992 1204 2039 amrr.
1241 1967 1472 2037 Henr.
1512 1964 1611 2036 Sa
1635 1966 1911 2050 ‚Azon
1953 1967 2137 2045 Bon.
2171 1968 2217 2039 l.
2248 1995 2312 2040 c.
2512 2056 2518 2060 .

632 2097 670 2132 n
729 2066 800 2137 8.
834 2064 910 2136 Si
951 2088 1115 2162 quae
1148 2087 1242 2136 -ex
1277 2061 1583 2150 occulta,
1606 2062 2086 2153 fornicatione
2118 2065 2512 2164 praegnans
2548 2089 2685 2136 me·

530 2192 572 2233 >³
632 2176 828 2251 tuat,
867 2186 960 2233 ne
994 2159 1070 2232 id
1104 2162 1547 2247 advertatur,
1579 2163 1639 2234 si
1669 2160 2002 2262 prodeat.
2030 2161 2282 2262 Lay'm.
2311 2164 2365 2237 l.
2392 2164 2438 2257 4
2471 2178 2521 2236 t.
2552 2162 2680 2235 5.»

630 2258 831 2333 Bene
865 2275 1307 2338 excusantur
1336 2286 1511 2333 cum
1549 2259 1706 2331 Bus
1743 2276 1817 2333 et
1845 2260 2005 2333 Elb.
2056 2259 2309 2358 n..3§7
2354 2260 2686 2333 mulieres

533 2378 689 2431 non
741 2357 1376 2441 habentes‚·vestes
1429 2355 1771 2431 decentes
1822 2362 2020 2456 juxta
2079 2385 2301 2431 ¹suum
2368 2373 2632 2433 statum
2663 2411 2683 2442 ,

530 2457 650 2529 vel
708 2455 1120 2546 famulum,
1178 2471 1305 2529 aut
1362 2456 1686 2543 sociam,
1736 2455 1895 2544 sine
1959 2457 2229 2556 quihus
2260 2459 2531 2556 magno
2565 2483 2688 2529 ru·-

402 2590 408 2598 ·
522 2554 713 2635 *bore
762 2553 1367 2638 suffunderentur
1397 2609 1416 2641 ‚
1473 2568 1558 2640 ut
1601 2555 1707 2627 ait
1751 2556 2002 2646 Mazz.
2049 2556 2095 2627 l.
2143 2581 2202 2626 c.
2244 2555 2389 2627 Sed
2439 2550 2683 2636 merito

535 2653 927 2726 advertunt
990 2651 1205 2727 Salm.
1284 2652 1375 2724 de
1435 2650 1628 2728 Sacr.
1700 2652 1921 2726 Miss.
1980 2680 2043 2726 c.
2105 2651 2156 2727 6
2217 2677 2293 2728 n.
2359 2651 2458 2746 64
2520 2651 2688 2728 Led.

530 2750 732 2825 Suar.
784 2752 948 2824 Ft'll.
998 2751 1156 2824 Dic.
1194 2751 1361 2823 Pal.
1411 2766 1539 2823 ete.
1592 2749 2429 2842 nonessehexcusandas
2455 2748 2544 2822 ab
2572 2776 2687 2820 au-

534 2849 807 2923 dienda
846 2851 1061 2925 Missa
1095 2847 1308 2922 valde
1342 2846 1560 2921 mane
1586 2904 1604 2938 ‚
1638 2848 1704 2921 si·
1731 2851 2052 2948 possint3
2086 2864 2213 2921 aut
2251 2848 2330 2921 in
2364 2847 2685 2944 Ecclesia

532 2966 819 3044 remota
842 3003 860 3034 ,
891 2946 1023 3020 uhi
1055 2939 1389 3046 Popdlus
1425 2972 1578 3018 non
1620 2947 2016 3020 concurrit.
2052 2946 2261 3019 Idem
2304 2945 2577 3019 dicitur
2605 2940 2685 3015 de

536 3045 787 3164 nuella
842 3044 1232 3120 inhoneste
1276 3069 1423 3145 prae
1474 3042 1695 3117 nante
1724 3100 1742 3133 ,
1784 3045 1843 3117 si
1853 3060 2114 3214 Kosset
2139 3048 2216 3117 in
2258 3044 2509 3144 aliquo
2536 3041 2685 3134 loco

536 3142 827 3216 occulte
857 3199 875 3230 ‚
914 3158 987 3216 et
1022 3143 1179 3218 sine
1222 3157 1390 3216 nota
1427 3167 1451 3215 ι
1508 3145 1723 3215 issam
1756 3169 1844 3215 au
1904 3143 2032 3217 ire.
2070 3142 2178 3215 Ita
2211 3145 2688 3221 communiter

446 3232 453 3242 ⁴
537 3265 710 3317 cum
743 3242 927 3313 Bus.
966 3239 1128 3338 irgfr.
1171 3241 1331 3312 Elb.
1370 3266 1443 3313 n.
1490 3240 1643 3338 367,
1676 3239 1936 3315 Toum.
1981 3240 2120 3327 ΑΒ
2168 3268 2247 3335 p.
2279 3240 2426 3316 338
2451 3266 2525 3314 n.
2562 3248 2688 3334 aet

535 3340 700 3412 Pal.
748 3338 1000 3438 Laym.
1058 3340 1230 3436 Heg.
1272 3355 1400 3410 etc.
1437 3360 1595 3409 cum
1623 3335 1840 3413 Salm.
1868 3337 1960 3413 ib.
2001 3340 2118 3412 Sic
2148 3338 2368 3411 etiam
2400 3345 2688 3438 possunt

466 3489 473 3496 »
535 3435 942 3539 aliquando
972 3437 1301 3527 excusari
1339 3431 1655 3534 puellae,
1708 3463 1869 3536 quae
1900 3437 1990 3509 ab
2019 3436 2357 3528 Ecclesia
2388 3447 2686 3516 exeunt,

540 3535 840 3637 quando
898 3536 1088 3622 fiunt
1132 3534 1745 3635 proclamationes
1796 3561 1931 3633 pro
1977 3537 2127 3608 suis
2173 3533 2683 3619 matrimoniis,

535 3635 673 3707 etsi
699 3632 866 3706 ideo
896 3633 1237 3706 omittant
1254 3634 1555 3705 Sacrum
1579 3687 1595 3720 ‚
1622 3634 1681 3704 si
1706 3631 1801 3705 ob
1830 3632 1907 3705 id
1933 3632 2330 3706 notabilem
2357 3654 2683 3704 verecunae

538 3732 739 3805 diam
764 3731 1271 3833 patidebeant.
1300 3732 1404 3803 Ita
1429 3730 1587 3803 Elb.
1605 3755 1682 3800 n.
1718 3731 1859 3826 374
1889 3732 2237 3833 idemque
2258 3732 2482 3803 sentit
2500 3727 2684 3824 Spor.

534 3856 596 3903 c.
633 3833 678 3925 4
709 3858 782 3904 η.
810 3829 901 3904 35
931 3829 1021 3903 de
1050 3828 1490 3918 mulieribus³
1524 3827 1923 3902 nobilibus.
1954 3831 2115 3904 Hoc
2153 3844 2400 3902 autem
2433 3824 2591 3902 raro
2616 3825 2679 3895 'et

443 3956 459 3984 ¹·
536 3926 934 4020 difficulter
958 3943 1137 4029 puto
1165 3927 1451 4002 admitti
1466 3952 1701 4028 posse;
1724 3941 1804 4000 ut
1821 3928 1882 3999 si
1907 3933 2144 4001 revera
2176 3926 2425 4028 puella
2450 3952 2534 3999 ex
2557 3924 2683 3994 hoc

532 4026 818 4099 tanturn
841 4027 1189 4101 ruborem
1223 4041 1589 4125 pateretur
1607 4081 1625 4111 ‚
1658 4040 1740 4098 ut
1763 4052 2117 4124 magnum
2141 4021 2682 4099 incommodum

375 4191 409 4206 ,,
526 4122 837 4216 subiret,
874 4150 963 4198 eo
989 4153 1164 4202 casu
1197 4152 1346 4208 non
1377 4123 1742 4227 improbo.
1775 4123 1990 4200 Croia':
2018 4122 2189 4203 vero
2218 4152 2290 4201 n.
2317 4119 2462 4225 690
2491 4119 2684 4195 absoe
