2934 4734
636 261 791 357 cap.
830 259 916 331 11.
957 264 1057 332 De
1091 264 1487 333 Iuramento.
1526 263 1712 331 nuh.
1747 263 1866 332 IV.
2251 275 2337 353 ²7

242 395 383 444 sum
407 368 859 472 principalem
892 373 1115 449 habet
1139 430 1158 462 ‚
1193 401 1258 447 v,
1298 402 1404 475 gr.
1443 374 1591 446 Hic
1617 375 1792 459 liber
1819 392 1931 449 est
1960 373 2192 459 Petu}
2225 377 2324 448 si·-

246 471 537 565 gnificare
566 486 791 570 potest
824 529 840 560 ‚
945 473 1090 547 11ὸά
1127 473 1383 549 Petrus
1429 473 1523 545 sit
1554 472 1725 545 libri
1766 473 2109 548 dominus
2132 528 2152 557 ‚
2197 485 2327 548 aut

246 569 325 640 sit
360 567 509 640 libri
548 574 816 644 auctor.
935 575 989 645 1.
1033 566 1597 665 Quando'verba
1639 569 1915 643 habent
1947 558 2327 691 duplicem

244 674 493 741 sensum
521 721 537 750 ‚
571 695 797 741 unum
820 670 1049 766 magis
1079 695 1548 749 communem
1573 725 1590 756 ‚
1623 671 1853 742 alium
1879 670 2122 744 minus
2156 726 2175 757 ,
2208 668 2330 764 vei

249 786 440 836 unum
482 763 829 840 literalem
859 824 879 858 ,
920 767 1148 843 alium
1193 768 1650 866 spiritualem
1684 823 1701 854 ‚
1752 783 1837 840 ut
1871 766 2087 840 verbu
2136 763 2264 839 illa
2302 824 2326 857 ‚

250 886 382 973 quae
403 861 562 935 dixit
579 864 908 943 Christus
940 866 1031 940 de
1048 866 1369 966 Baptista
1394 896 1413 938 ε
1443 867 1608 966 Ipse
1634 882 1744 938 est
1759 865 1991 939 Elias.
2016 868 2114 961 Et
2138 867 2329 965 Bap-

244 971 380 1032 tista
407 960 570 1033 dixit
601 991 616 1034 t
649 964 808 1061 Ego
841 990 987 1036 non
1022 993 1175 1037 sum
1206 967 1438 1038 Elias.
1480 968 1646 1058 Quo
1688 990 1904 1037 sensu
1947 963 2082 1037 viri
2111 963 2330 1062 spiri-

245 1058 440 1132 tuales
462 1061 648 1134 cibos
680 1061 1028 1136 delicatos
1046 1121 1064 1152 ,
1090 1064 1383 1152 dicunt,
1420 1066 1486 1136 ei
1518 1061 1817 1152 nocere,
1837 1061 1928 1151 ‘id
1951 1065 2333 1135 estmorti·

243 1155 510 1229 ficatioui
538 1182 555 1249 ;
584 1160 983 1233 Doloribus
1021 1162 1267 1235 afflicti
1302 1161 1559 1236 dicunt
1592 1161 1779 1235 bene
1819 1161 2089 1247 valere,
2124 1161 2202 1235 id
2223 1173 2335 1232 est

248 1255 447 1353 quoad
487 1258 710 1331 robur
753 1258 1076 1359 spiritfiS.
1126 1260 1491 1334 Cardenus
1530 1261 1727 1333 Diss.
1776 1287 1795 1332 1
1866 1314 1881 1334 .
1922 1286 1999 1330 n.
2051 1263 2171 1356 47.
2210 1259 2329 1331 Sic

237 1355 416 1426 etihm
450 1356 601 1456 quis
648 1359 1135 1457 interrogatus
1174 1358 1268 1430 de
1305 1359 1555 1458 aliquo
1590 1414 1609 1445 ,
1649 1385 1795 1458 quo
1884 1357 2178 1458 expedit
2214 1384 2335 1429 ce-

248 1449 403 1543 lare,
437 1468 661 1551 potest
696 1455 1162 1556 respondere,
1192 1456 1343 1535 dico
1370 1452 1514 1531 non
1540 1511 1560 1542 ,
1593 1457 1803 1555 idest
1833 1448 1999 1529 dico
2023 1457 2337 1529 verbum

246 1573 376 1621 non.
395 1551 572 1625 card.
590 1579 666 1626 n.
695 1554 816 1627 52.
837 1554 926 1627 de
945 1554 1084 1627 hoc
1102 1555 1410 1643 dubitat,
1437 1554 1587 1641 sed,
1615 1556 1815 1629 salvo
1848 1554 2137 1627 meliori
2163 1580 2337 1628 con-

251 1645 397 1736 silio,
423 1650 697 1725 videtur
732 1652 1119 1740 immerito,
1155 1681 1328 1728 cum
1362 1653 1666 1727 verbum
1692 1653 1847 1726 dico
1882 1652 2052 1726 vere
2082 1651 2336 1751 dupli-

257 1769 378 1818 cem
408 1773 680 1822 sensum
722 1750 987 1825 habeat
1014 1775 1032 1841 ;
1064 1754 1427 1851 significat
1457 1746 2018 1851 enim'proferre
2047 1807 2065 1834 ‚
2110 1765 2184 1822 et
2219 1777 2337 1823 as·-

216 1849 586 2033 Ῐθτοτερῃ
626 1865 885 1925 nostro
920 1864 1161 1951 autem
1201 1878 1414 1924 sensu
1454 1844 1611 1925 dico
1654 1848 1855 1924 idem
1894 1866 2008 1924 est
2039 1876 2124 1922 ac
2155 1875 2338 1945 pro-

263 1967 373 2017 ero,

306 2040 414 2115 His
445 2045 703 2144 positis
728 2101 747 2134 ‚
794 2060 1074 2119 certum
1117 2060 1226 2119 est
1258 2059 1331 2120 et
1361 2073 1753 2128 commune
1788 2044 1984 2147 apud
2021 2069 2276 2118 omnes
2311 2096 2337 2136 ,

232 2143 395 2306 guod
418 2170 492 2216 ex
520 2148 718 2244 justa
748 2171 966 2218 causa
1004 2144 1285 2218 licitum
1319 2147 1413 2217 sit
1448 2146 1553 2218 uti
1588 2147 2159 2245 aequivocatione
2183 2171 2336 2217 mo·

275 2242 319 2310 is
337 2245 663 2342 expositis
692 2300 709 2332 ,
742 2256 815 2316 et
841 2266 1002 2315 eam
1028 2248 1439 2343 juramento
1472 2245 1787 2317 firmare.
1815 2246 1921 2317 Ιιὲ
1948 2243 2153 2318 Les-5.
2184 2243 2232 2314 l.
2265 2269 2337 2317 2.

227 2361 349 2433 cap.
382 2347 486 2434 41.
514 2369 591 2412 n.
629 2345 748 2440 47.
789 2342 1001 2413 Card.
1033 2342 1228 2419 Dis-x.
1283 2366 1390 2440 ¹9·
1423 2368 1493 2413 n.
1531 2342 1645 2416 35.
1686 2340 1911 2414 Salm.
1949 2342 2063 2413 Tr.
2108 2365 2214 2439 17.
2245 2342 2337 2412 de

226 2432 454 2508 Juram.
490 2466 656 2534 cap.
708 2466 772 2512 2.
819 2465 892 2511 n.
942 2440 1095 2514 115.
1131 2466 1226 2511 ex
1268 2440 1343 2512 S.
1375 2439 1778 2514 Hierom'c.
1827 2466 1944 2513 22.
1984 2468 2051 2540 q.
2094 2466 2162 2512 2.
2206 2438 2338 2538 qui

226 2530 407 2607 dicit:
437 2537 691 2609 Utilem
720 2537 1227 2611 simulationem
1250 2594 1268 2627 ,
1301 2537 1459 2609 etin
1485 2554 1788 2634 tempore
1812 2536 2340 2619 assumendam‚·

267 2633 385 2704 uod
429 2634 807 2736 explicans
841 2635 914 2707 S.
963 2635 1095 2710 Th.
1135 2663 1203 2709 2.
1262 2664 1328 2709 2.
1363 2662 1433 2733 q.
1479 2636 1802 2716 11'1.,0rt.
1852 2665 1915 2708 1.
1948 2636 2052 2707 ad
2081 2661 2146 2707 2.
2183 2635 2335 2705 ait:

268 2781 282 2799 .
309 2733 771 2834 Hieronymus
795 2733 1000 2806 ulitur
1019 2731 1205 2832 large
1226 2733 1508 2805 nomine
1533 2733 1992 2805 simulationis
2011 2758 2140 2828 pro
2167 2757 2341 2829 qua-

212 2854 461 2930 cumque
470 2831 804 2929 fictione.
822 2833 1049 2920 Ratio,
1081 2834 1249 2931 quie
1273 2845 1448 2904 tunc
1478 2857 1626 2902 11011
1658 2830 2065 2931 decipimus
2087 2829 2340 2928 proxi-

190 2934 429 3017 ‚inum,
468 2929 612 3006 sed
656 2956 741 3003 ex
790 2932 979 3028 justa
1023 2957 1238 3005 causa
1287 2930 1777 3029 permittimus
1808 2983 1827 3015 ‚
1876 2944 1958 3001 ut
2007 2931 2162 3028 ipse
2209 2926 2343 2999 de-

218 3024 541 3125 cipiatur,
600 3043 673 3102 et
718 3054 803 3103 ex
853 3027 995 3101 alia
1042 3043 1246 3126 parte
1295 3053 1446 3100 non
1496 3043 1834 3100 tenemur
1873 3027 1968 3099 ad
2018 3040 2344 3101 mentem

215 3121 493 3200 aliorum
553 3126 767 3228 loqui
796 3136 841 3214 ,’
879 3129 940 3199 si
992 3133 1180 3223 justa
1238 3152 1455 3199 causa
1512 3125 1770 3201 subsit.
1829 3127 2034 3198 Justa
2097 3140 2343 3198 autem

214 3245 396 3299 causa
420 3253 581 3300 esse
600 3225 1480 3326 potestquieumquefinis
1502 3222 1851 3297 honestus
1878 3223 1969 3296 ad
1994 3223 2345 3305 servanda

212 3314 379 3395 bona
406 3383 423 3415 ,
450 3325 799 3425 spiritui,
839 3323 953 3396 vel
1005 3324 1295 3422 corpori
1336 3321 1573 3395 utilia.
1619 3321 1838 3396 Salm.
1869 3321 2031 3397 ibid.
2068 3348 2141 3393 n.
2186 3346 2341 3421 109.

210 3443 344 3509 ¹cum
378 3426 531 3496 Val.
568 3421 832 3495 Sanch.
871 3423 1086 3495 Pont.
1120 3438 1190 3493 et
1217 3419 1488 3492 Leand.
1623 3420 1628 3426 ’
2399 3498 2406 3503 ,

284 3520 553 3595 Utrum
595 3535 836 3593 autem
881 3528 1115 3618 jurare
1147 3546 1318 3592 cum
1350 3516 1901 3640 amphibologia
1930 3576 1954 3604 ,
1992 3514 2140 3590 sive
2182 3541 2344 3591 res-
2399 3508 2405 3514 ’

214 3616 525 3693 trictione
552 3645 708 3692 non
738 3617 1280 3718 puretn'entali,
1315 3631 1395 3690 ut
1421 3617 1636 3715 infre,
1671 3618 1826 3690 sine
1857 3623 2042 3715 justa
2072 3642 2287 3715 causa
2325 3670 2347 3704 ,
2481 3693 2520 3711 ,ω
2573 3676 2590 3695 ,

206 3715 281 3788 sit
302 3734 687 3816 peccatum
713 3716 1066 3790 mortale?
1083 3716 1414 3790 Affirmat
1442 3716 1514 3785 V
1504 3715 1616 3786 ἵνα
1642 3715 1714 3786 in
1729 3734 1928 3814 prop.
1957 3714 2339 3813 273⁴damn.
2443 3724 2482 3777 2}
2548 3730 2600 3767 ff

203 3813 539 3901 ablnnoc.
556 3816 685 3891 XI
684 3817 895 3891 ‚item
920 3817 1069 3891 Tol.
1105 3815 1292 3914 Ang.
1327 3813 1742 3905 Arm.⁴Nas>.
1780 3830 1912 3886 etc.
1940 3840 2041 3982 ff
2076 3810 2341 3889 Sanch:

202 3910 353 4009 Dec.
413 3917 525 3993 lib.
576 3916 648 3991 3.
716 3941 782 3989 c.
839 3914 909 3987 6.
978 3918 1051 3988 n.
1094 3925 1196 3986 ’2.
1267 3912 1622 4011 Idemque
1681 3924 1883 3988 tenet
2013 3937 2120 3983 us.
2184 3936 2343 4007 cum

198 4007 429 4110 [aym.
471 4011 747 4100 Sancb,
796 4029 867 4084 et
896 4010 1290 4099 communi,
1341 4024 1425 4083 ut
1465 4010 1741 4085 asserit.
1780 4009 1925 4082 Sed
1971 4007 2341 4100 immerito

197 4110 352 4187 citat
382 4112 641 4194 Sanch.
699 4125 777 4185 et
820 4125 1028 4187 vocat
1073 4114 1284 4185 suam
1332 4109 1771 4185 sententiam
1810 4114 2281 4211 communem
2307 4134 2336 4177 <2
