2934 4734
499 232 628 299 ⁵08
772 234 918 300 Lib.
937 234 1052 302 ΙΙΙ.
1066 231 1288 303 Tiact'.
1308 235 1397 303 V.
1417 231 1518 302 De
1535 230 1820 326 Septimo
1837 232 2157 326 Proeeepto
2174 229 2398 301 D'eeal.

497 342 705 416 ribus
732 343 1059 418 imbutus
1096 401 1114 432 ‚
1155 359 1229 419 et
1254 348 1654 419 succedere
1689 345 1951 418 debeat
1973 346 2073 417 Re
2132 371 2222 418 no
2254 401 2270 426 .
2309 344 2422 417 vei
2451 339 2676 415 Prin·-

499 443 776 539 cipatui
807 499 824 529 ,
864 459 941 516 ut
977 446 1199 518 Ronc.
1240 462 1313 517 et
1342 445 1596 539 Larm.
1635 471 1790 516 cum
1829 444 2034 516 Less.
2112 446 2200 516 IL
2230 443 2303 515 Si
2327 456 2562 515 mater
2591 464 2673 512 se

498 541 1039 615 manifestando
1064 543 1225 616 filio
1249 569 1384 657 spu
1397 545 1528 629 rio,
1553 543 2058 615 verosimiliter
2077 557 2401 641 speraret
2430 539 2674 610 filium

499 640 568 710 ei
600 642 1055 713 crediturum
1087 698 1105 728 ,
1136 641 1495 741 bonisque
1529 667 1943 724 cessurum,
1979 666 2070 712 ne
2103 647 2450 713 timeatur
2467 636 2675 708 ulte-

498 736 653 809 rins
706 763 964 834 magna
1013 741 1307 812 infamia
1345 797 1363 829 ‚
1410 754 1537 812 aut
1590 744 1863 813 vexatio
1895 741 2148 811 matris
2185 796 2204 829 ,
2264 752 2346 809 ut
2400 738 2680 808 docent

497 835 695 932 Lago
730 862 805 907 n.
846 841 940 912 60
1003 840 1230 913 Bone.
1260 863 1426 911 cum
1471 839 1546 909 S.
1606 838 1946 911 Antonin.
1989 854 2062 908 et
2087 837 2291 908 LesS.
2337 834 2563 906 Croz'x
2600 858 2677 906 n.

501 932 666 1005 333.
699 935 920 1009 Holz.
958 936 1161 1036 Spar.
1210 936 1448 1009 Tamb.
1478 938 1527 1007 l.
1556 964 1623 1034 7.
1647 964 1712 1008 c.
1750 938 1791 1007 3
1826 936 1886 1032 §.
1925 940 1993 1030 4.
2030 963 2101 1007 n.
2150 935 2257 1007 15.
2306 934 2526 1004 Idem
2552 929 2704 1002 di-·

501 1031 824 1105 cendum
858 1035 1184 1125 videtur,
1218 1037 1279 1108 si
1314 1049 1547 1107 mater
1580 1052 1826 1137 posset
1860 1033 2219 1106 damnum
2249 1034 2479 1103 vitare
2523 1087 2543 1114 ‚
2598 1051 2676 1100 se

497 1131 1041 1207 manifestando
1066 1135 1200 1205 soii
1228 1135 1490 1208 marito
1525 1191 1543 1222 ,
1582 1133 1713 1206 sed
1750 1132 1939 1205 bene
1969 1138 2179 1232 ajunt
2220 1131 2417 1228 Lago
2450 1144 2522 1198 et
2549 1125 2678 1225 Sp,

501 1228 669 1300 tar-o
703 1230 795 1302 ad
828 1232 970 1304 hoc
1010 1234 1240 1305 teneri
1279 1257 1581 1304 uxorem
1611 1290 1628 1319 ,
1677 1229 1973 1332 eoquod
2008 1230 2176 1302 raro
2220 1256 2305 1302 ex
2343 1228 2476 1299 tali
2517 1252 2688 1297 ma-

500 1327 1131 1430 nifestationeipsa
1161 1357 1310 1403 non
1348 1331 1440 1402 sit
1463 1329 1795 1403 subitura
1823 1356 2159 1426 magnam
2181 1330 2688 1414 vexationem,-

422 1477 431 1499 .
499 1438 576 1496 et
614 1425 757 1500 hoo
788 1429 958 1501 satis
994 1430 1319 1505 indicare
1354 1429 1639 1503 videtur
1671 1443 1909 1502 textus
1934 1430 2013 1501 iu
2044 1454 2105 1499 c.
2135 1425 2414 1526 Officii,
2446 1427 2688 1520 supra·

503 1522 804 1599 relatus.
1671 1523 1678 1528 ’
1713 1579 1718 1584 -
2673 1567 2686 1573 -

599 1623 747 1696 Sed
794 1622 990 1698 dices
1028 1680 1048 1714 ,
1107 1649 1243 1699 neo
1313 1624 1545 1699 teneri
1608 1639 1919 1698 matrem
1977 1648 2055 1696 se
2121 1620 2438 1723 prodere
2478 1616 2687 1702 filio,-

502 1723 676 1819 quia
758 1727 1035 1818 iustitia
1119 1725 1638 1797 commutativa
1672 1771 1679 1777 -
1709 1750 1860 1796 non
1940 1722 2214 1820 obligat
2282 1720 2377 1792 ad
2454 1739 2686 1815 repa-

499 1820 732 1893 randa
766 1821 1033 1894 damna
1069 1822 1433 1896 bonorum
1487 1849 1661 1895 cum
1717 1823 2157 1918 detrimento
2196 1820 2406 1890 famae
2449 1843 2468 1906 3
2509 1837 2688 1912 (μιαν

412 1947 425 1972 ·
499 1934 608 1988 est
640 1922 1036 2019 superioris
1070 1921 1373 1993 ordinis.
1401 1925 1500 1993 Et
1526 1919 1696 1993 ideo
1729 1943 1816 1993 ex
1848 1920 2341 1992 communiori
2385 1931 2462 1987 et
2495 1940 2688 2011 pro·-

496 2013 849 2090 habiliori
877 2021 1234 2093 sententia
1278 2035 1363 2092 ut
1393 2019 1677 2093 dictum
1723 2034 1834 2091 est
1873 2044 1945 2088 n.
1993 2018 2134 2115 627
2190 2043 2341 2088 non
2376 2026 2688 2086 tenetur»

500 2112 894 2201 detractor,
917 2118 1044 2217 qui
1084 2145 1230 2190 non
1259 2134 1499 2219 potest
1533 2119 1745 2189 aliter
1777 2118 2042 2189 famam
2071 2118 2481 2196 restituere,
2507 2136 2674 2181 eam

499 2216 815 2311 pecunia
900 2241 1401 2316 compensare.
1475 2219 1572 2289 Et
1629 2215 1852 2289 altera
1928 2219 2083 2286 vice
2152 2240 2298 2286 non
2373 2211 2673 2283 videtui·

502 2337 714 2406 posse
740 2313 891 2386 diei
920 2331 1153 2390 mater
1177 2315 1547 2387 modicam
1579 2315 1959 2386 infamiam
2000 2313 2144 2408 pati
2169 2338 2244 2385 se
2282 2306 2667 2409 prodendo

500 2408 717 2502 filio·‚-
757 2438 929 2485 cum
999 2413 1467 2488 communiiis
1531 2413 1843 2486 doceant
1895 2413 2054 2485 DD.
2106 2437 2278 2483 oum
2330 2410 2533 2506 Lago
2569 2406 2666 2478 D.

510 2509 597 2600 14
643 2536 714 2583 n.
774 2513 866 2585 52
908 2528 981 2583 et
1020 2513 1243 2586 Salm.
1301 2515 1390 2582 de
1442 2513 1694 2583 Restit.
1729 2535 1889 2607 cap.
1926 2511 1971 2603 4
2011 2536 2086 2580 n.
2120 2512 2234 2603 48.
2273 2507 2425 2580 Sol.
2471 2508 2661 2577 Bon.

497 2605 769 2682 Prado.
797 2611 969 2681 Reb.
999 2612 1154 2682 Vill.
1194 2613 1366 2709 Tap.
1398 2627 1527 2683 etc.
1556 2609 1758 2709 quod
1789 2608 2165 2680 infamatio
2200 2606 2400 2707 apud
2433 2628 2666 2678 unum

498 2706 617 2778 vei
660 2705 974 2780 alterum
1007 2710 1242 2786 virum
1277 2708 1524 2790 aslhiic
1558 2712 1646 2781 sit
1686 2706 1918 2807 gravis
1954 2707 2323 2805 ponderis.
2353 2704 2496 2775 Sed
2524 2728 2670 2774 res·

497 2805 917 2904 pondetur:
951 2807 1174 2881 Aliud
1219 2833 1372 2879 esse
1427 2807 1662 2879 teneri
1717 2806 1810 2877 ad
1872 2831 2035 2877 com
2095 2802 2505 2876 ensandam
2557 2799 2664 2871 sa·-

499 2927 697 2973 mam
730 2904 1198 2979 facultatibus
1244 2935 1260 2978 :
1299 2905 1502 2977 aliud
1536 2904 1766 2977 teneri
1804 2893 2011 2976 suam
2075 2929 2312 2974 amam
2357 2899 2669 2999 prodere
2705 2971 2712 2978 ,

500 3000 605 3071 ad·
632 3000 987 3075 damnum
1021 3004 1312 3076 illatum
1344 3004 1864 3104 reparandum.
1893 3001 2062 3073 Non
2095 3004 2291 3074 enim
2324 2999 2619 3084 tenetur
2644 3052 2666 3085 ,

499 3099 627 3197 qui
677 3100 984 3173 alterum
1020 3103 1437 3191 infamavit,
1473 3105 1783 3200 pecunia
1821 3100 2089 3171 famam
2129 3122 2614 3197 compensare
2647 3155 2668 3183 ,

414 3259 419 3270 .
499 3197 672 3365 guia
697 3198 885 3270 fama
919 3200 1124 3271 nulla
1156 3204 1471 3301 pecunia
1496 3202 1817 3299 reparari
1842 3213 2104 3298 potest.
2130 3204 2261 3283 At,
2298 3223 2473 3269 eum
2563 3197 2674 3267 uis

557 3321 855 3368 amnum
918 3298 1285 3372 bonorum
1336 3296 1546 3370 alteri
1602 3298 1977 3386 intulerit,
2032 3296 2316 3369 tenetur
2365 3295 2497 3393 qui
2556 3317 2667 3367 em

500 3419 670 3465 oum
719 3396 991 3470 damno
1025 3396 1337 3495 oequali,
1399 3423 1483 3468 ae
1533 3399 1750 3468 etiam
1800 3393 2349 3494 aliquantuiixm
2407 3390 2667 3491 majori

498 3491 695 3564 illud
734 3497 1088 3567 resarcire
1122 3550 1139 3579 ,
1179 3494 1483 3593 quando
1511 3493 2093 3566 manifestatione
2125 3492 2295 3563 facti
2337 3548 2355 3576 ‚
2406 3509 2671 3590 quam-⁴

496 3592 603 3660 vis
643 3618 814 3664 cum
857 3593 1332 3665 infamatione
1364 3593 1894 3664 manifestantis
1923 3649 1940 3680 ‚
1984 3591 2337 3662 damnum
2366 3614 2666 3687 repara-

499 3702 643 3761 tur.
675 3689 758 3761 In
782 3718 868 3763 eo
898 3690 1053 3763 solo
1089 3717 1257 3764 casu
1297 3706 1542 3789 posset
1568 3694 1624 3763 is
1656 3689 2017 3778 excusari,
2054 3715 2202 3789 quo
2232 3703 2521 3762 certum
2548 3714 2666 3759 es·-

498 3800 655 3871 set,·
687 3789 888 3886 quod
925 3792 1019 3862 ad
1047 3789 1405 3861 damnum
1442 3789 1987 3862 resarciendum
2024 3786 2234 3886 longe
2264 3792 2506 3887 majus
2534 3786 2666 3859 de·-

498 3887 930 3958 trimentum
963 3945 980 3979 ‚
1017 3902 1101 3962 ut
1148 3888 1464 3960 diximus
1493 3946 1511 3978 ,
1568 3892 1945 3960 incurrere
1982 3887 2306 3958 deberet.
2353 3889 2441 3957 In
2494 3911 2661 3956 casu

502 3993 745 4057 aut'em
811 4002 1064 4058 nostro
1115 4013 1261 4059 non
1321 4002 1428 4059 est
1471 4001 1756 4057 certum
1789 4044 1805 4074 .,
1851 3982 2052 4084 quod
2094 3999 2325 4057 mater·
2372 4010 2451 4056 se
2505 4010 2662 4055 ma-
2705 4028 2715 4039 ·

498 4080 918 4156 nifestando
982 4084 1123 4162 soli
1182 4084 1337 4159 filio
1375 4140 1397 4177 ,
1469 4109 1763 4185 gravem
1839 4086 2157 4184 patiatur
2237 4081 2613 4158 infamiam
2639 4138 2662 4174 .
