2934 4734
743 294 930 391 Cap.
964 299 1052 368 11.
1091 303 1196 377 De
1238 302 1637 371 lut-amento.
1679 301 2005 371 nuh-m.
2185 314 2192 323 ‘
2369 304 2451 377 25

278 424 336 483 ι’.
368 406 669 487 malum.
708 415 901 489 Bon.
934 415 1106 489 Loc.
1142 415 1257 490 cit.
1283 414 1693 511 p.3..Less.
1722 415 1770 488 l.
1815 440 1882 488 2.
1911 440 1972 488 c.
2011 413 2133 508 42.
2167 413 2241 492 d.
2279 411 2351 493 3.
2373 438 2443 490 o.

369 509 524 583 Hoc
588 529 883 588 certum
937 528 1048 587 est
1118 515 1195 587 in
1259 517 1671 612 juramento
1731 512 2198 612 promissorio
2235 538 2254 601 3
2291 511 2440 589 sed

283 611 571 703 quaestio
597 610 750 698 est,
790 641 884 686 an
911 614 1005 686 sit
1029 626 1411 711 peccatum
1441 635 1650 710 grave
1680 610 2004 685 defectus
2036 613 2326 710 justitiae
2356 612 2439 684 in

286 703 689 802 juramento
726 712 1111 785 assertorio
1136 766 1154 799 ,
1182 711 1243 782 si
1277 710 1441 810 quis
1472 734 1643 782 cum
1676 712 2085 806 juramento
2111 735 2188 783 se
2221 715 2442 807 jactet

285 799 366 872 de
402 802 658 906 aliquo
698 823 1003 908 peccato
1034 807 1341 887 ?,P·n·m0
1373 807 1718 879 sententia
1759 806 2070 882 affirmat
2091 834 2247 881 cum
2284 808 2438 879 To-

277 896 388 972 let.
414 903 460 974 l.
497 909 571 998 4.
606 931 671 978 c.
711 933 828 982 21.
858 933 933 981 n.
985 932 1090 980 10.
1120 923 1193 985 et
1230 932 1252 977 1
1279 932 1336 978 1.
1366 932 1454 978 ac
1484 905 1865 983 sot..Less.
1902 921 2031 980 etc.
2064 930 2185 1002 ap.
2215 900 2439 980 Salm.

275 1021 337 1068 c.
370 1023 439 1070 2.
469 1028 544 1076 n.
585 1003 708 1096 46.
749 1006 892 1080 Sed
924 1003 1379 1105 probabilius
1417 1001 1817 1077 dicendum
1846 1058 1868 1090 ,
1907 1028 2061 1077 non
2103 1027 2261 1097 esse
2297 1003 2445 1077 nisi

273 1098 547 1173 veniale
574 1109 838 1183 ‚contra
857 1100 1824 1201 Religionem‚utSuar.t0m.
1856 1101 2253 1199 mdelzehgr.
2277 1101 2329 1172 l.
2373 1127 2440 1173 1.

196 1270 202 1277 ,
281 1218 344 1266 c.
370 1195 437 1269 3.
470 1225 548 1269 n.
581 1201 663 1274 6.
701 1201 962 1274 Sanch.
993 1203 1174 1279 Dec.
1199 1203 1248 1273 l.
1291 1199 1359 1273 3.
1386 1226 1447 1273 e.
1478 1201 1550 1292 4.
1587 1224 1660 1270 η.
1700 1197 1814 1271 33.
1843 1213 1920 1272 et
1943 1198 2166 1272 Solm.
2201 1226 2275 1275 n.
2314 1202 2440 1295 47.

274 1315 428 1362 cum
466 1297 639 1368 Pal.
688 1299 756 1373 T
748 1299 929 1373 amb.
969 1317 1041 1371 et
1081 1299 1349 1377 Leand.
1401 1298 1607 1371 Ratio
1642 1351 1662 1385 ,
1709 1299 1880 1398 qnia
1914 1296 2084 1371 ideo
2119 1300 2199 1371 in
2238 1301 2446 1397 jura-

280 1405 521 1468 mento
559 1397 1035 1494 promissorio
1081 1395 1161 1470 id
1196 1395 1640 1470 est-mortale
1669 1451 1689 1485 ‚
1728 1398 1900 1496 quia
1948 1400 2446 1496 juramentum

268 1498 439 1571 ,tum
475 1496 887 1567 assumitur
921 1493 1014 1567 ad
1055 1493 1495 1573 firmandam
1540 1492 1994 1570 voluntatem
2033 1520 2159 1568 exe
2220 1492 2448 1569 uendi

274 1587 558 1668 malum
591 1617 613 1674 ς
641 1595 729 1667 In
757 1591 886 1666 tali
908 1592 1073 1669 vero
1096 1592 1481 1668 assertor-io
1503 1616 1668 1667 non.
1686 1593 2103 1679 assumitur,
2135 1521 2231 1665 az
2256 1617 2449 1667 con.-

295 1684 724 1762 firmandam
749 1690 1358 1791 complacentiam
1375 1747 1393 1775 ,
1427 1687 1560 1762 sed
1581 1689 1870 1766 tantum
1897 1691 2445 1792 pronuntiatur.

304 1782 389 1855 ad
428 1787 607 1862 alios
660 1790 1005 1865 certiores
1051 1787 1469 1863 reddendos
1513 1786 1605 1863 de
1637 1814 1789 1871 ,suo
1849 1792 2151 1887 pecc‘ato
2178 1846 2195 1872 ,
2242 1786 2447 1888 quod

226 1898 235 1903 “
282 1905 434 1980 aion
460 1901 575 1960 est
612 1888 754 1959 nisi
790 1889 1126 1987 quaedam
1160 1888 1385 1961 animi
1416 1885 1666 1961 levitas
1699 1886 2029 1961 venialis.
2071 1884 2291 1960 Secus
2334 1901 2448 1959 ta-

293 2003 450 2065 men
490 1982 905 2066 ‚dicendum
934 2042 953 2073 ,
1012 2001 1096 2060 ut
1137 1984 1328 2061 bene
1371 1984 1761 2061 advertunt
1801 1984 2025 2058 Salm.
2078 1983 2239 2057 ibid.
2289 2009 2448 2059 cum

289 2078 448 2154 AA.
481 2083 603 2155 cit.
635 2084 707 2156 εἴ
731 2084 895 2184 quis
922 2089 1415 2183 juramentum
1452 2098 1852 2157 assumeret
1887 2079 1985 2159 ad
2014 2080 2449 2157 firmandam

266 2174 816 2257 detractionem
855 2237 875 2271 ,
926 2183 1099 2282 quia
1145 2187 1648 2284 juramentum
1706 2196 1879 2255 tunc
1933 2181 2250 2255 sumitur
2279 2235 2298 2266 ‚
2365 2193 2450 2252 ut

290 2275 616 2351 medium
651 2279 745 2352 ad
774 2279 1152 2359 infamiam
1179 2280 1477 2354 alterius
1510 2280 1894 2354 certiorem
1932 2277 2411 2361 reddendam.

384 2374 814 2450 Notandum
870 2393 1117 2452 autem
1180 2378 1304 2452 hie
1330 2436 1354 2467 ,
1408 2376 1615 2478 quod
1673 2403 1761 2451 ex
1830 2378 1936 2452 ira
1993 2377 2444 2477 proferentes

292 2473 505 2546 verba
534 2532 550 2558 ,
586 2473 931 2551 videlicet
968 2505 985 2548 z
1022 2477 1413 2549 Per-Deum
1442 2533 1460 2566 ,
1481 2502 1617 2575 per
1643 2475 1990 2548 Christum
2004 2491 2075 2547 te
2099 2473 2450 2564 occidam,

298 2574 785 2647 communiter
809 2600 965 2647 non
993 2588 1299 2674 peccent
1324 2571 1629 2673 graviter
1653 2628 1672 2659 ,
1705 2574 1873 2673 quia
1902 2599 1990 2647 ex
2017 2573 2453 2672 ignorantia,

296 2685 415 2744 aut
436 2669 1050 2747 indeliberatione
1087 2686 1168 2745 ut
1202 2670 1612 2772 plurimum
1647 2685 2116 2746 excusantur.
2142 2672 2249 2744 Ita
2289 2693 2456 2742 me·-

216 2778 230 2794 '
276 2790 459 2842 -cum
492 2770 717 2842 sentit
746 2771 1046 2850 Auctor.
1085 2771 1211 2845 cit.
1249 2770 1384 2844 lib.
1422 2771 1793 2867 (Insth.
1827 2783 2070 2865 etc..p.
2124 2770 2332 2861 154.)

383 2899 419 2933 n
478 2867 551 2941 5.
578 2868 987 2943 Venialiter
1014 2882 1258 2942 autem
1291 2882 1548 2968 peccat
1572 2925 1592 2959 ‚
1631 2867 1762 2968 qui
1801 2871 1996 2966 jurat
2020 2866 2258 2939 facere
2298 2891 2456 2939 rem

274 2991 327 3028 «υ
381 2964 763 3040 venialiter
807 2965 1118 3057 malam,
1176 2982 1305 3040 aut
1356 2991 1614 3039 vanam
1645 3023 1664 3056 ‚
1714 2981 1842 3039 aut
1891 2965 2267 3049 inutilem,
2327 2975 2459 3037 aut

294 3089 335 3131 υ
387 3063 767 3137 frivolam:
798 3090 970 3137 cum
1005 3065 1106 3139 ibi
1133 3064 1307 3139 levis
1337 3063 1626 3138 tantum
1666 3063 2130 3137 irreverentia
2157 3088 2456 3137 censea-

276 3189 329 3235 ,υ
386 3175 531 3234 tur.
573 3161 763 3237 Bon.
802 3162 965 3238 ibid.
997 3163 1203 3236 Less.
1238 3165 1286 3236 l.
1328 3190 1390 3236 c.
1422 3161 1457 3197 '¹
1479 3165 1523 3259 <
1549 3162 1650 3235 ita
1689 3160 1895 3233 etidm
1932 3176 2172 3234 tenent
2212 3162 2447 3233 Tema.

293 3285 344 3327 ο.
385 3260 583 3355 Spor.
631 3258 897 3334 Sanch.
945 3278 1075 3334 etc.
1126 3256 1275 3333 Sed
1307 3259 1536 3357 magis
1582 3258 1766 3331 mihi
1803 3258 2062 3333 arridet
2102 3259 2457 3332 sententia

281 3353 333 3426 ἰ)
389 3356 704 3454 opposita
758 3412 778 3441 ,
831 3384 1048 3456 quam
1112 3374 1304 3430 tenet
1357 3356 1574 3431 Elbel
1629 3381 1706 3428 n.
1769 3382 1891 3456 97.
1952 3384 2107 3431 cum
2167 3353 2455 3429 March.

285 3480 338 3525 .»
390 3455 582 3527 Turr.
613 3471 742 3529 ete.
771 3457 933 3553 quia
958 3481 1103 3527 non
1138 3455 1306 3527 levis
1334 3509 1353 3539 ,
1386 3456 1522 3526 sed
1531 3453 1772 3551 gravis
1798 3452 2233 3527 irreverentia
2268 3453 2460 3523 vide-

301 3579 339 3620 »
390 3569 527 3638 tur,
552 3553 877 3633 invocare
900 3553 1132 3633 Deum
1165 3553 1239 3626 in
1259 3568 1510 3626 testem
1536 3551 2124 3653 acfidejussorem
2144 3549 2457 3648 peccati,

276 3676 343 3718 .»
390 3651 708 3748 quamvis
736 3651 910 3723 levis
936 3662 965 3744 )
990 3651 1050 3725 ⁴⁸.
2141 3718 2148 3725 ,
2353 3664 2356 3669 ’
2387 3716 2392 3719 ,

390 3774 428 3816 »
479 3747 550 3821 6.
594 3751 788 3822 ‘Item
816 3762 1075 3848 peccat
1105 3746 1483 3821 venialiter
1513 3803 1532 3839 ,
1574 3747 1704 3849 qui
1732 3751 1926 3846 jurat
1960 3740 2242 3845 aliquid
2268 3768 2459 3816 oon-

284 3874 337 3925 ‚2
388 3850 497 3919 tra
524 3846 828 3921 consilia
866 3849 1306 3946 Evangelica
1336 3874 1355 3916 ε
1395 3859 1478 3919 ut
1504 3872 1579 3919 se
1611 3872 1764 3921 non
1798 3848 2297 3944 ingressurum
2321 3842 2477 3944 Re‘»

297 3973 335 4011 ι
390 3943 733 4044 Hgionem
750 4001 769 4035 ,
800 3970 952 4017 non
978 3944 1320 4019 daturum
1343 3944 1882 4043 eleemosynam
1900 3997 1920 4031 ,
1946 3957 2075 4016 aut
2090 3954 2464 4016 mutuum.

269 4065 332 4117 ‘t
390 4043 596 4127 Suar.
623 4044 836 4115 Less.
871 4042 1129 4117 Sanclz.
1161 4044 1346 4116 Bon.
1379 4043 1511 4137 loe.
1543 4043 1724 4121 cit..›
1783 4112 1792 4119 .

389 4173 428 4246 ρ
486 4166 573 4244 7.
614 4139 842 4240 Quod
872 4141 971 4224 ad
999 4141 1385 4225 Veritatem
1418 4155 1701 4241 spectat
1737 4169 1768 4215 ε.
1793 4164 1969 4218 cum
1998 4108 2176 4216 h'aecss
2198 4138 2420 4235 deest·
2440 4192 2464 4229 ,
2487 4154 2588 4234 147'
