2934 4734
570 206 734 298 Cap.
770 206 854 272 Π.
888 205 1064 273 Dub.
1099 204 1219 274 VI.
1253 206 1354 273 De
1382 206 1834 276 Restitutione.
2057 230 2091 266 ’π
2181 209 2311 299 509

170 312 338 388 dum
388 317 555 390 satis
602 318 1173 418 probabilisest
1231 319 1641 406 sententia,
1708 315 1912 417 quod
1971 318 2312 393 revelatio

173 416 478 490 criminis
537 420 665 490 uni
732 417 848 491 vel
905 416 1117 488 alteri
1176 418 1331 488 viro
1386 416 1690 499 cordato
1739 443 1886 496 non
1932 419 2025 488 sit
2081 419 2315 516 gravis

111 571 118 580 .
170 513 527 588 infamatio
565 572 583 599 ‚
650 514 854 615 juxto
914 515 1109 587 dicta
1171 514 1285 587 lib.
1354 540 1463 587 ιη.
1522 514 1642 587 38.
1697 527 1768 585 et
1829 515 1906 585 in
1969 518 2315 613 praesenti

174 638 326 692 cas-u
364 612 436 684 id
473 613 734 687 dicunt
776 614 971 711 Lugo
1004 668 1022 699 ‚
1086 627 1158 682 et
1205 611 1465 709 Sporer
1496 615 1566 685 ll.
1618 638 1719 685 cc.
1774 613 1965 685 Cum
2004 640 2174 712 ergo
2228 642 2319 687 ex

172 735 304 802 una
358 727 554 810 parte
613 729 845 784 mater
897 713 991 798 sit
1035 709 1228 782 certe
1276 708 1622 794 obstricta
1659 709 1755 782 ad
1812 709 2168 784 damnum
2209 714 2320 786 vi·-

174 808 247 881 1²o
305 825 374 881 et
423 811 581 882 aliis
650 810 821 883 filiis
862 808 1404 908 reparandum,
1470 823 1545 880 et
1595 834 1683 882 ex
1739 807 1963 882 altera
2017 836 2165 883 non
2225 813 2323 884 sit:

174 922 354 980 certa
405 912 770 982 excusatio
804 964 822 993 .
881 908 1053 1007 quia
1103 921 1386 982 certum
1443 934 1595 979 non
1644 921 1788 989 est,
1843 908 2049 1007 quod
2111 913 2130 980 i
2189 935 2318 1002 sa,

177 1006 546 1084 revelando
583 1034 801 1079 suum
840 1009 1119 1078 crimen
1161 1005 1310 1082 filio
1342 1064 1365 1091 ,
1401 1007 1549 1084 tale
1583 1005 1799 1101 longe
1841 1015 2076 1103 majus
2116 936 2326 1083 ‹fam-

178 1126 340 1174 num
387 1106 718 1178 incurrat
748 1162 766 1193 ‚
822 1103 1026 1203 quod
1067 1103 1381 1177 sufficiat
1433 1104 1528 1175 ad
1578 1121 1754 1178 eam‘
1780 1106 2276 1180 excusandam
2297 1131 2322 1191 ς

178 1199 327 1290 ideo
394 1203 737 1303 praevalet
810 1202 1157 1299 obligatio
1229 1202 1708 1277 restitutionis
1763 1197 1804 1289 ,'
1857 1216 1931 1276 et
2013 1203 2327 1302 proinde

177 1311 448 1374 tenetur
484 1315 719 1375 mater'
749 1327 825 1374 se
862 1301 1198 1401 prodere.
1251 1298 1411 1372 Imo
1456 1301 1594 1392 hoc
1648 1316 1828 1399 puto
1867 1300 2324 1389 dicendum,

176 1423 315 1492 ¹non
354 1401 593 1474 solum
626 1404 685 1473 si
717 1416 948 1472 mater
971 1425 1177 1499 spem
1210 1398 1587 1480 moraliter
1606 1414 1884 1472 certam
1919 1401 2328 1500 concipiat,

182 1499 624 1594 praecavendi
675 1487 1031 1573 damnum
1067 1554 1085 1587 ‚
1162 1512 1244 1569 ut
1304 1512 1639 1569 asserunt
1693 1498 1901 1570 Les&
1967 1499 2198 1571 Rom).
2259 1515 2334 1571 et

187 1594 381 1668 Cone.
412 1612 582 1669 tom.
611 1625 649 1669 2
667 1624 835 1695 pag.
867 1622 1004 1667 222
1032 1594 1159 1668 sed
1178 1595 1397 1668 etiam
1425 1597 1481 1667 si
1510 1594 1778 1668 haheat
1803 1625 1833 1669 s
1895 1622 2011 1668 em
2041 1594 2331 1674 tantum

174 1694 634 1780 -verisimilem
664 1752 683 1784 ,
736 1709 816 1768 ut
855 1693 1116 1767 dicunt
1151 1692 1333 1789 Spor
1377 1689 1620 1790 Ζηθῶ,
1675 1708 1744 1763 et
1771 1696 1821 1764 I
1856 1696 2063 1766 olzm.
2100 1721 2184 1768 ex
2212 1723 2333 1768 ea·-

185 1788 332 1864 dem
367 1797 650 1867 ratione
672 1850 690 1877 ‚
719 1793 890 1893 quia
922 1793 1000 1864 in
1030 1791 1259 1864 dubio
1287 1816 1578 1889 semper
1609 1791 1952 1889 praevalet
1977 1791 2330 1892 obligatio

180 1896 439 1968 matris.
479 1891 705 1965 Sechs
750 1893 811 1964 si
860 1891 1065 1962 nulla
1124 1903 1311 1962 esset
1351 1916 1520 1987 spes
1557 1944 1574 1975 ‚
1627 1904 1758 1962 aut
1802 1888 2014 1961 valde
2050 1894 2330 1989 exigua.

164 1988 359 2060 -Hinc
389 1995 605 2091 ajunt
636 1992 704 2072 T
692 1988 876 2061 amb.
911 2015 982 2061 n.
1030 1989 1123 2072 ‚16
1155 2004 1225 2058 et
1245 1987 1460 2058 Elbel
1483 2015 1554 2059 η.
1588 1988 1729 2081 460
1763 2014 1919 2064 cum
1955 1988 2334 2063 Bambust.

184 2085 254 2158 in
286 2095 476 2186 praxi
540 2087 700 2162 rari)
763 2085 991 2160 teneri
1041 2101 1351 2160 matrem
1406 2112 1482 2158 se
1521 2086 1984 2162 manifestare
2021 2090 2283 2164 marito
2314 2143 2334 2174 ‚

187 2202 298 2257 aut
333 2189 515 2279 filio,
558 2188 728 2287 quia
772 2184 934 2258 raro
962 2185 1116 2262 fieri
1151 2199 1388 2282 potest
1419 2240 1436 2268 ‚
1465 2183 1669 2283 quod
1702 2211 1789 2260 ex
1827 2186 1952 2262 tali
1982 2186 2339 2259 manifes-

190 2285 441 2359 tatione
485 2313 638 2364 non
668 2285 760 2356 sit
797 2283 1135 2357 subitura
1170 2284 1491 2380 ingentia
1544 2285 1814 2357 damna
1855 2309 1874 2372 ;
1925 2299 1998 2356 et
2025 2291 2279 2358 contra
2305 2329 2338 2371 ·,

189 2382 340 2456 raro
369 2386 744 2481 continget
763 2438 780 2466 ‚
816 2382 1019 2483 quod
1048 2381 1242 2454 filius
1267 2380 1557 2472 credat,
1586 2397 1659 2454 et
1687 2396 2018 2456 teneatur
2045 2382 2347 2457 credere

186 2485 445 2571 matri,
515 2496 595 2555 nt
637 2481 1045 2554 mox-infra
1096 2477 1507 2551 videbimus
1559 2480 1637 2553 in
1700 2481 2039 2580 sequenti
2101 2507 2346 2581 quaes-

194 2580 405 2654 tione.
445 2595 451 2601 ’
1641 2593 1648 2600 ’

281 2679 518 2771 Quaer.
555 2678 645 2751 Π.
686 2677 802 2750 An
838 2702 923 2750 eo
960 2703 1127 2751 casu
1167 2689 1501 2748 teneatur
1534 2674 1828 2772 spurius
1856 2675 2155 2752 credere
2190 2695 2462 2767 ψει-654

194 2776 337 2849 tri?
378 2777 713 2851 Affirmat
744 2777 838 2848 P.
895 2775 1206 2850 Concina
1238 2787 1410 2871 pagL
1450 2774 1617 2846 223.
1648 2798 1720 2845 η.
1769 2800 1875 2846 ιο.
1907 2773 2148 2849 Tamb.
2184 2777 2231 2849 l.
2275 2803 2353 2874 7.

196 2900 339 2971 cap.
380 2878 447 2950 3.
487 2876 548 2972 ἓ.
586 2878 655 2968 4.
697 2900 767 2946 n.
821 2900 925 2947 10.
957 2890 1031 2946 et
1071 2873 1292 2946 Host.
1332 2874 1674 2944 Panorm.
1707 2871 1910 2944 Med.
1939 2872 2240 2947 Adrion.
2277 2891 2388 2945 et‘

205 2973 407 3073 Vasq.
427 3000 543 3068 ap.
569 2973 765 3069 Lugo
790 2972 890 3043 D.
935 2974 1016 3047 13
1043 2997 1113 3041 n.
1140 2972 1349 3056 61;.si
1380 2984 1612 3044 mater
1635 2969 1889 3044 sitfide
1918 2968 1991 3041 di
2050 2972 2349 3044 nissima

180 3075 531 3171 spectatis
579 3070 1144 3144 circumstantiis
1175 3127 1192 3158 ‚
1244 3067 1512 3167 nempe
1547 3093 1791 3140 amore
1823 3068 1899 3140 in
1947 3070 1996 3144 fi
2036 3072 2182 3142 ium
2207 3128 2225 3161 ‚
2278 3085 2355 3143 et

202 3175 321 3241 sua
362 3169 705 3268 praesenti
742 3168 1140 3267 probitate,
1183 3181 1399 3265 puta,
1441 3168 1502 3239 si
1521 3182 1701 3240 tunc
1729 3169 2211 3267 poenitentem
2237 3170 2353 3241 vi·-

172 3269 598 3344 ‘tamducat
627 3324 644 3350 ‚
679 3268 1143 3340 Sacramenta
1199 3267 1669 3363 frequentet.‚
1716 3282 1853 3338 etc.
1893 3283 2018 3346 aut
2050 3267 2109 3339 si
2143 3269 2238 3340 sit
2272 3268 2354 3340 in

203 3366 509 3441 articulo
567 3366 863 3454 mortis,
918 3380 991 3437 et
1035 3392 1251 3438 suum
1299 3362 1581 3436 dictum
1626 3369 2037 3460 juramento
2079 3368 2356 3438 confir-

175 3474 381 3550 ἰω-η,
417 3481 500 3537 ut
539 3465 802 3541 dicunt
839 3463 994 3535 Tol.
1047 3481 1119 3534 et
1164 3462 1360 3556 Turr.
1399 3460 1597 3559 apud
1634 3463 1850 3533 Croisc
1878 3463 1990 3538 lib.
2028 3462 2166 3558 3p.
2204 3489 2244 3534 2
2273 3490 2350 3533 n.

205 3559 362 3656 334.
394 3549 536 3636 Sed
563 3560 1154 3636 communissime
1185 3575 1255 3632 et
1278 3560 1737 3659 probabilius
1762 3561 1955 3634 filius
1983 3586 2132 3633 non
2159 3560 2359 3633 ten&-

188 3670 324 3740 .tur
373 3662 670 3735 credere
719 3663 984 3744 matri,
1040 3660 1317 3731 etiamsi
1349 3662 1763 3757 juramento
1800 3658 1879 3731 id
1918 3673 2208 3732 asserat.
2251 3661 2357 3731 Ita

209 3757 397 3857 Luge
435 3761 508 3830 d.
548 3787 622 3832 n.
658 3758 744 3832 61
790 3756 1006 3829 Salm.
1035 3759 1120 3828 de
1144 3758 1341 3828 Rest.
1372 3781 1433 3852 ιζ.
1476 3758 1543 3830 3.
1584 3783 1658 3831 n.
1688 3756 1732 3829 3
1805 3779 1959 3828 cum
1994 3757 2062 3827 T
2055 3757 2353 3829 rullDic.

219 3855 290 3927 V
281 3857 374 3928 itl.
406 3873 532 3933 etc.
564 3859 858 3930 Holzm.
896 3855 984 3926 de
1015 3857 1085 3930 6.
1134 3856 1356 3926 Proec.
1388 3882 1451 3927 c.
1497 3880 1521 3925 1
1578 3880 1651 3929 n.
1686 3783 1855 3951 637.
1893 3861 1923 3944 (
1951 3881 2118 3926 cum
2158 3882 2360 3928 comr-

210 3958 417 4029 muni
446 4012 463 4043 ,
499 3970 579 4029 ut
607 3956 884 4049 asserit)
912 3954 1119 4026 Less.
1155 3952 1200 4024 l.
1233 3979 1273 4025 2
1305 3978 1366 4025 c.
1413 3979 1496 4026 ιο
1529 3979 1599 4025 n.
1633 3954 1712 4028 51
1753 3953 2005 4049 Laym.
2038 3954 2087 4024 l.
2122 3954 2163 4027 3
2197 3970 2275 4025 tr.
2309 3954 2353 4027 3

211 4073 276 4132 Β.
322 4057 405 4148 14
440 4082 513 4129 n.
566 4077 590 4132 ι
629 4079 787 4132 cum
833 4052 1015 4128 Abb.
1068 4048 1280 4162 Rich.
1321 4048 1421 4124 Sa
1451 4105 1474 4152 ²,
1504 4068 1635 4128 etc.
1659 4039 1891 4128 Ronc'.
1923 4053 2014 4124 de
2052 4077 2093 4152 7
2124 4052 2355 4128 Prae.
