2934 4734
581 278 712 370 878
853 280 997 347 Lib.
1023 280 1135 348 111.
1158 280 1374 353 Tract.
1393 280 1483 350 V.
1504 280 1604 347 De
1621 278 1905 372 Septimo
1923 278 2243 372 Praecepto
2260 270 2473 345 Decal.

577 395 983 468 inimicitiae
1011 452 1028 481 ‚
1067 397 1359 469 amissio
1389 421 1873 493 expensarum
1900 448 1917 479 .
1970 408 2044 468 et
2077 392 2340 466 similia
2368 448 2388 480 ,
2424 406 2503 464 ut
2528 386 2695 464 recti

584 492 804 566 docet
833 494 1078 591 Laym.
1339 506 1353 520 “

669 588 874 666 'Nota
925 592 1049 665 ΙΙΙ.
1101 591 1318 685 Quod
1347 647 1363 676 ‚
1423 590 1596 664 licet
1635 589 1730 664 ad
1778 590 2448 689 compensationem
2478 585 2701 683 requi-

584 704 791 763 ratur
830 690 1189 764 certitudo
1227 688 1529 777 crediti,
1558 716 1642 763 ex
1681 687 2278 763 communissima
2315 684 2503 784 apud
2518 683 2703 755 Croix

584 813 660 860 n.
725 790 909 887 962,
953 790 1424 891 quamplures
1460 805 1701 862 tamen
1728 842 1745 872 ‚
1800 802 1873 861 et
1928 811 2172 884 graves
2218 788 2566 859 Auctor-es
2605 806 2704 874 ap.

582 884 807 960 Salm.
840 889 926 959 de
959 890 1155 961 Hesi.
1185 916 1254 960 c.
1305 917 1328 962 1
1371 914 1440 959 n.
1482 892 1622 962 320
1654 885 2065 972 admittant,
2195 909 2304 956 sse
2342 882 2496 954 fieri
2527 904 2709 953 com-

586 987 1089 1083 pensationem
1129 1015 1299 1061 cum
1327 988 1633 1068 credito,
1665 984 1944 1057 tantum
1971 1010 2102 1082 pro
2162 983 2360 1070 abili,
2392 983 2480 1056 in.
2503 976 2709 1049 tribus

587 1083 875 1156 casibus
902 1140 920 1173 ‚
962 1084 1271 1176 scilicet,
1307 1086 1613 1185 quando
1641 1096 2155 1182 compensatur
2188 1079 2254 1151 fa
2268 1108 2378 1151 ma
2406 1103 2574 1151 cum
2605 1099 2713 1173 pe·

583 1184 838 1265 cunia3
871 1180 1168 1255 infamia
1196 1210 1360 1257 cum
1395 1185 1693 1257 infamia
1721 1182 1919 1269 data;
1956 1197 2027 1253 et
2055 1181 2376 1278 legatum
2404 1177 2713 1251 relictum

587 1280 665 1350 in
689 1295 1112 1354 testamento
1140 1310 1285 1355 non
1314 1282 1648 1355 solemni.
1678 1280 1822 1353 Sed
1852 1280 2041 1352 Vide
2067 1332 2084 1365 ‚
2110 1304 2273 1379 quoe
2299 1279 2394 1350 de
2422 1277 2532 1348 his
2559 1269 2717 1345 dixi-

592 1402 755 1449 mus
788 1379 876 1451 de
907 1381 1335 1452 consenantia
1374 1382 1423 1452 l.
1478 1409 1502 1453 ῐ
1545 1403 1615 1452 n.
1651 1380 1768 1454 35.
2004 1412 2009 1415 ·
2080 1462 2087 1471 ¹

476 1495 578 1548 522
683 1477 869 1550 Nota
892 1478 1011 1550 hic
1033 1478 1438 1579 Propos.37
1469 1480 1721 1551 Innoc.
1748 1477 1877 1562 XI,
1906 1501 2070 1575 quae
2092 1473 2387 1549 dicebat
2418 1502 2436 1542 ε
2467 1470 2541 1540 F
2536 1462 2723 1580 ⁰V²¹¹²i

589 1574 983 1666 acfamuloe
1002 1576 1398 1651 domesticae
1405 1593 1711 1676 possunt
1726 1577 1982 1671 occulte
1993 1577 2079 1645 H
2075 1574 2212 1647 eris
2236 1574 2385 1647 suis
2408 1569 2720 1660 subnpere

587 1675 691 1741 ad
694 1676 1282 1769 compensandam
1304 1702 1584 1773 operam
1611 1700 1833 1756 suam,
1851 1698 2060 1770 quam
2081 1671 2419 1763 majorem
2428 1664 2720 1766 judicant
2756 1730 2759 1733 .

583 1771 849 1843 salario
872 1828 887 1855 ‚
924 1772 1115 1870 quod
1140 1772 1737 1872 rectpt'unt..Sam.
1782 1770 1869 1841 de
1897 1769 1944 1840 I
1945 1772 2019 1842 V
2040 1770 2262 1841 Proec.
2296 1795 2375 1839 n.
2433 1768 2558 1840 130
2587 1785 2718 1832 cum

583 1866 765 1957 altis,
788 1869 861 1940 lo
921 1887 1176 1944 nentes
1198 1875 1284 1944 de
1320 1871 1459 1943 hac
1484 1897 1770 1968 propos,
1799 1868 2073 1951 damn..
2120 1867 2385 1941 dicunt
2421 1868 2474 1937 I.
2519 1854 2717 1964 quod,

586 1965 649 2035 si
683 1895 1003 2041 samuqus
1047 1970 1200 2044 sine
1240 1971 1660 2043 necessitate
1705 1965 1934 2039 libere
1967 1966 2350 2039 conveniat
2385 1990 2554 2037 cum
2589 1960 2719 2031 Do-

585 2067 791 2135 mino
815 2065 930 2141 ,de
965 2069 1333 2167 stipendio
1372 2066 1696 2140 inferiori
1731 2121 1748 2151 ‚
1792 2069 2038 2165 postea
2099 2063 2288 2136 nihil
2344 2062 2570 2162 possit
2603 2053 2720 2131 sihi

587 2185 1105 2259 compensare;
1163 2165 1407 2250 secus,
1461 2170 1522 2237 si
1574 2192 1659 2238 ex
1704 2165 2163 2247 necessitate,
2222 2161 2315 2233 ad
2366 2158 2720 2235 levandam

581 2259 939 2333 nimirum
979 2291 1187 2336 suam
1228 2264 1590 2339 miseriam
1620 2320 1638 2353 ,
1675 2263 2067 2336 conveniat
2103 2262 2193 2333 de
2231 2258 2502 2334 salar-io
2541 2271 2722 2329 nota·

581 2353 833 2447 biliter
859 2361 1124 2435 minori
1154 2368 1367 2461 justo,
1397 2364 1622 2447 Ratio,
1650 2363 1819 2460 quia
1855 2362 2157 2433 Decreta
2183 2359 2568 2432 Pontificia
2593 2376 2722 2427 non

586 2454 1010 2556 intelligunt
1029 2461 1347 2559 obligare
1363 2460 1728 2533 famulum
1758 2464 2011 2531 contra
2035 2459 2205 2554 justi
2216 2459 2414 2531 tiam.
2430 2457 2535 2528 Ita
2554 2452 2724 2525 Salm

584 2555 676 2624 de
699 2556 898 2630 Rest.
928 2586 989 2631 c.
1028 2587 1053 2632 1
1086 2587 1160 2634 η.
1197 2562 1333 2658 317
1364 2577 1433 2631 et
1469 2559 1642 2632 Vim
1672 2557 1745 2627 in
1778 2557 1944 2627 dict.
1981 2558 2198 2652 Prop.
2231 2558 2322 2651 37
2359 2583 2432 2627 n.
2486 2581 2565 2627 12
2589 2575 2721 2623 cum

584 2651 789 2725 Less.
839 2655 1037 2728 Suar.
1081 2659 1258 2729 Mol.
1300 2672 1428 2729 etc.
1485 2659 1737 2729 contra
1779 2652 1996 2724 Croix
2027 2653 2139 2726 lib.
2189 2655 2233 2727 3
2275 2681 2353 2749 p.
2400 2680 2441 2724 2
2478 2679 2548 2729 n.
2598 2646 2718 2749 975

588 2751 718 2848 qui
770 2754 901 2842 ait,
938 2754 1122 2827 nihil
1164 2755 1453 2856 penitus
1504 2777 1714 2854 posse
1749 2751 2113 2823 famulum
2162 2752 2530 2850 surripere
2580 2760 2721 2848 post

584 2863 883 2947 pactum
912 2908 930 2940 ‚
975 2855 1144 2951 quia
1187 2861 1328 2951 jam
1365 2854 1579 2927 cessit
1624 2850 1766 2950 juri
1804 2874 1985 2938 suo;
2026 2847 2156 2923 sed
2197 2846 2674 2948 respondetur
2703 2901 2720 2931 ,

588 2945 790 3044 quod
838 2949 1154 3023 famulus
1186 3007 1203 3037 ,
1256 2978 1424 3024 cum
1491 2964 1791 3048 cogatur
1860 2947 1954 3018 ad
1994 2949 2099 3021 sic
2158 2947 2721 3021 conveniendum

583 3049 714 3115 sua
754 3064 1177 3145 paupertate
1204 3109 1220 3133 ,
1258 3065 1434 3123 tunc
1474 3075 1623 3121 non
1654 3047 1868 3121 cedat
1920 3047 2063 3144 juri
2096 3073 2230 3119 suo
2273 3045 2574 3145 sponte,
2611 3041 2724 3115 sed

585 3143 875 3229 coacte3
915 3160 987 3219 et
1019 3147 1186 3221 ideo
1221 3149 1452 3244 ipsius
1492 3160 1875 3246 paupertas
1911 3146 2173 3242 nequit
2219 3170 2562 3217 excusare
2589 3143 2719 3217 He-

497 3293 505 3301 ·
582 3265 788 3325 rum,
838 3258 922 3317 ut
974 3270 1124 3319 non
1181 3246 1409 3320 solvat
1465 3247 1530 3318 ei
1572 3246 1833 3317 saltem
1876 3242 2218 3315 infimum
2268 3243 2717 3342 stipendium.

577 3339 893 3429 Quando
920 3361 1158 3418 autem
1192 3345 1531 3433 famuluS,
1568 3356 1866 3415 coactus
1922 3340 2374 3437 necessitate,
2412 3342 2717 3413 convenit

585 3462 722 3536 pro
760 3467 979 3539 parvo
1039 3446 1313 3538 pretio,
1355 3442 1618 3541 poterit
1664 3440 1803 3512 sibi
1840 3465 2314 3539 compensare
2368 3437 2592 3540 usque
2641 3433 2718 3507 ad

582 3539 904 3634 pretium
942 3541 1280 3614 infimum
1311 3597 1327 3626 ,
1370 3556 1452 3612 ut
1492 3541 1589 3611 ait
1634 3541 1703 3609 V
1698 3541 1811 3610 ἱνα
1842 3538 2001 3609 dict.
2040 3563 2115 3613 n.
2192 3565 2274 3611 12
2338 3567 2496 3614 cum
2538 3537 2708 3607 Less.

581 3632 781 3707 Suar.
809 3638 987 3711 Mol.
1019 3656 1087 3710 et
1111 3642 1267 3712 Dic.
1297 3653 1369 3710 et
1413 3638 1570 3711 aliis
1601 3638 1628 3715 (
1643 3652 1724 3709 ut
1750 3637 1892 3732 ait)
1917 3636 2541 3711 communissime.
2579 3635 2710 3705 Hoc

557 3741 828 3809 ⁴tamen
861 3740 1138 3820 transit,
1184 3738 1321 3809 nisi
1351 3739 1708 3810 Dominus
1747 3734 1930 3808 alios
1966 3735 2459 3837 famulos.pro
2491 3730 2710 3806 eodem

585 3851 808 3995 {sal-vo
840 3836 1073 3933 pretio
1113 3841 1258 3933 jam
1296 3835 1485 3933 juste
1521 3836 1944 3923 iuvenisset3
1977 3832 2118 3920 vel,
2150 3834 2293 3908 nisi
2324 3840 2478 3933 ipse
2512 3832 2706 3903 famu-

622 3951 703 3995 us
746 3929 836 4001 de
870 3952 946 4002 se
981 3931 1269 4013 oblatus
1322 3933 1579 4006 suisset
1605 3989 1623 4019 ‚
1673 3947 1745 4003 et
1783 3933 2144 4005 Dominus
2178 3958 2265 4004 ex
2297 3936 2554 4033 pietate
2587 3919 2704 3999 sivi

587 4022 987 4122 indigentia
1007 4031 1167 4129 ipso
1200 4045 1544 4105 uteretur.
1579 4033 1651 4103 V
1644 4032 1760 4102 iva
1781 4030 1944 4103 dict.
1974 4057 2046 4104 n.
2089 4056 2171 4104 12
2194 4030 2267 4102 in
2271 4032 2418 4129 fin.
2442 4026 2704 4104 etSalm·

587 4119 723 4197 IV.
758 4124 981 4203 Proec.
1014 4155 1089 4205 n.
1135 4128 1269 4209 136
1301 4156 1456 4203 cum
1489 4130 1672 4205 Mol.
1706 4126 1857 4205 Sot.
1894 4129 2087 4206 Nar.
2131 4131 2206 4207 V
2196 4129 2295 4204 ill.
